1627 2517
114 100 147 123 v.
169 92 308 122 22—72
514 87 700 122 MANILII
727 86 1072 121 ASTRONOMIOA
1411 87 1464 127 75

116 195 386 252 principium
419 211 562 237 rerum
594 202 637 237 et
670 202 811 237 custos
845 201 1001 237 natura
1034 195 1250 237 latentum

116 271 214 297 cum
241 262 384 298 tantas
411 262 594 297 strueret
620 255 753 296 moles
780 270 854 309 per
881 255 1052 296 moenia
1079 254 1231 296 mundi

117 321 159 357 et
180 314 458 356 circumfusis
479 314 624 356 orbem
645 314 917 355 concluderet
939 314 1066 355 astris

116 374 310 429 undique
338 374 597 429 pendentem
625 373 672 414 in
700 373 893 415 medium
922 373 1178 428 diversaque
1207 374 1396 415 membra

116 433 343 475 ordinibus
376 433 504 475 certis
537 433 721 475 sociaret
753 448 906 488 corpus
941 433 986 473 in
1022 448 1157 474 unum

114 507 298 547 aeraque
326 499 368 534 et
394 499 530 534 terras
555 492 872 547 flammamque
900 493 1147 547 undamque
1174 498 1397 534 natantem

116 559 269 594 mutua
293 552 340 593 in
365 552 582 593 alternum
607 552 811 606 praebere
838 551 1048 593 alimenta
1073 551 1255 601 iuberet,

115 618 164 653 ut
195 617 259 653 tot
291 611 532 666 pugnantis
565 617 733 665 regeret
765 611 994 653 concordia
1026 626 1189 661 causas,

114 676 333 725 staretque
359 677 532 712 aeterno
556 671 770 725 religatus
794 671 967 712 foedere
994 671 1195 721 mundus,

114 736 343 785 exceptum
365 745 390 771 a
410 745 577 772 summa
599 745 651 771 ne
674 730 781 785 quid
804 730 972 772 ratione
993 737 1199 779 maneret,

115 795 157 831 et
181 789 295 844 quod
319 796 410 831 erat
434 790 602 839 mundi,
628 790 789 831 mundo
814 796 1035 843 regeretur
1058 790 1111 831 ab
1133 789 1252 844 ipsc:

115 848 209 890 fata
237 864 407 904 quoque
433 855 475 890 et
502 849 615 890 vitas
643 849 868 890 hominum
897 849 1125 904 suspendit
1151 848 1204 890 ab
1232 848 1373 898 astris,

115 923 224 962 quae
258 923 448 954 summas
483 923 661 963 operum
695 915 853 963 partes,
891 923 1000 963 quae
1034 908 1143 949 lucis
1178 908 1396 954 honorem,

115 982 224 1022 quae
245 967 412 1009 famam
433 974 683 1017 assererent,
707 983 816 1023 quae
837 983 1075 1022 numquam
1098 967 1213 1009 fessa
1233 967 1450 1017 volarent;

115 1041 224 1083 quae
250 1026 374 1081 quasi
399 1042 475 1081 per
501 1027 690 1068 mediam
716 1027 869 1068 mundi
895 1027 1145 1082 praecordia
1170 1034 1338 1081 partem

115 1085 331 1151 disposita
358 1086 599 1136 obtineant,
632 1086 857 1128 Phoebum
888 1087 1124 1141 lunamque
1155 1101 1372 1141 vagasque

115 1151 157 1186 et
186 1145 365 1186 vincant
392 1145 539 1186 stellas
567 1160 643 1187 nec
673 1160 758 1187 non
788 1145 1017 1187 xincantur
1046 1151 1088 1186 et
1116 1145 1226 1211 ipsa.

116 1204 184 1246 his
201 1203 396 1258 regimen
412 1210 568 1246 natura
585 1204 706 1246 dedit
723 1204 1007 1271 propriasque
1024 1205 1208 1246 sacravit

116 1263 353 1318 unicuique
375 1264 488 1306 vices
510 1264 741 1319 sanxitque
763 1279 839 1319 pei
863 1265 1022 1314 omnia
1047 1280 1260 1306 summam

116 1323 309 1378 undique
339 1322 405 1365 uti
434 1323 520 1365 fati
551 1322 664 1365 ratio
695 1324 939 1365 traheretur
969 1324 1014 1364 in
1045 1339 1189 1365 unam.

114 1397 214 1423 nam
243 1382 543 1437 quodcumque
573 1397 707 1437 genus
737 1397 893 1432 rerum,
924 1382 1223 1438 quodcumque
1252 1382 1461 1431 laborum,

113 1455 308 1495 quaeque
332 1456 458 1496 opera
484 1448 613 1496 atque
638 1448 764 1491 artes,
791 1442 1050 1496 quicumque
1075 1457 1150 1496 per
1172 1442 1318 1484 omnia
1342 1457 1464 1483 casus

118 1499 306 1541 humana
327 1500 374 1541 in
394 1499 485 1542 vita
506 1507 707 1555 poterant
728 1501 979 1555 contingere
1000 1507 1126 1551 sorte,

117 1559 342 1614 complexa
365 1565 428 1601 est
451 1565 515 1601 tot
538 1566 581 1601 et
605 1559 652 1601 in
676 1565 834 1614 partes,
859 1566 964 1615 quot
988 1566 1029 1602 et
1051 1566 1167 1602 astra
1191 1560 1366 1609 locarat,

117 1618 336 1673 disposuit
354 1625 576 1674 certasque
596 1619 721 1669 vices,
743 1635 818 1661 sua
839 1619 1016 1661 nomina
1036 1620 1190 1674 cuique

118 1677 324 1719 attribuit
346 1683 574 1732 totumque
597 1677 785 1720 hominis
808 1693 884 1733 per
907 1679 1047 1720 sidera
1070 1694 1241 1720 censum

177 1788 215 1815 55
241 1781 369 1816 Claud.
391 1782 475 1817 Rus.
495 1782 567 1817 14:
597 1783 841 1827 ‘quaesissem
867 1784 1018 1818 foedera
1043 1784 1188 1817 mundi’

177 1871 214 1898 47
241 1865 427 1900 latentum
446 1865 537 1899 L²G2
563 1865 740 1900 latentem
760 1866 888 1900 L¹G¹M
956 1874 993 1900 52
1019 1867 1282 1911 flammamque
1302 1872 1337 1901 M
1362 1868 1464 1902 flam-

117 1923 216 1946 mam
234 1916 292 1946 LG
420 1919 459 1946 55
491 1913 642 1947 aeterno
663 1914 783 1949 Bentl.
820 1913 961 1949 alterno
983 1917 1006 1948 0
1138 1922 1175 1949 56
1209 1926 1354 1949 summa
1376 1916 1462 1960 Rey.

118 1970 260 1994 summo
281 1962 306 1993 0
438 1966 478 1993 60
502 1959 645 1995 volaret
666 1961 710 1994 G¹
842 1968 880 1995 82
907 1961 1090 2006 disposita
1109 1966 1165 1996 LG
1191 1962 1363 2007 deposita
1382 1965 1418 1995 Μ

117 2016 305 2051 vagasque
323 2010 380 2040 LG
404 2018 565 2052 vagasve
584 2011 619 2041 M
781 2015 819 2042 63
845 2011 883 2043 et
908 2008 1059 2043 vincant
1078 2011 1146 2045 Br.
1174 2011 1212 2044 et
1235 2010 1390 2044 vincunt
1408 2013 1465 2043 LG

117 2053 292 2088 evincunt
310 2057 346 2087 M
371 2054 542 2090 evincant
561 2059 611 2088 Μο
614 2063 630 2077 “
679 2055 875 2090 vincantur
891 2057 978 2102 Rey.
1005 2057 1167 2091 vincitur
1180 2060 1215 2090 Μ
1241 2057 1409 2091 vincetur
1422 2056 1466 2089 1.²

118 2100 313 2135 vincentur
331 2101 405 2136 IA²G
511 2109 551 2137 65
577 2102 784 2148 sanxitque]
813 2114 901 2138 sane
928 2104 1049 2147 sitque
1070 2107 1105 2137 M
1167 2115 1350 2139 summam
1370 2105 1463 2139 Scal.

119 2159 263 2182 summa
284 2151 308 2182 0
427 2155 468 2183 66
492 2149 559 2195 uti]
586 2150 651 2184 uni
670 2151 715 2184 L¹
787 2150 857 2185 fati
877 2151 971 2186 Scal.
998 2152 1118 2186 fatum
1139 2155 1163 2185 0
1237 2162 1350 2185 unam
1370 2151 1464 2186 Scal.

118 2207 233 2229 unum
254 2199 278 2229 0
386 2203 423 2229 67
450 2196 596 2232 labores
617 2201 651 2230 M
759 2204 797 2231 68
824 2208 1080 2242 quaecumque
1101 2199 1147 2233 G¹
1256 2205 1294 2231 69
1321 2200 1418 2233 sorte
1439 2202 1467 2232 G

119 2244 255 2277 sortem
275 2246 336 2276 ML
445 2250 483 2277 ¹20
508 2246 563 2279 tot
588 2245 626 2279 et
650 2245 688 2279 in
709 2248 773 2279 ΜΘ
797 2247 850 2280 tot
874 2245 913 2280 in
933 2249 958 2279 L
1027 2247 1115 2289 quot
1142 2246 1195 2291 et]
1223 2245 1322 2289 quod
1348 2246 1385 2280 et
1405 2248 1466 2278 ML

117 2293 209 2334 quot
228 2294 256 2324 G
338 2289 480 2325 locarat
499 2292 619 2327 Bentl.
652 2294 829 2328 vocarant
849 2296 873 2326 0
989 2300 1023 2327 71
1056 2292 1241 2337 disposuit
1260 2293 1381 2328 Bentl.
1408 2304 1466 2328 res

119 2337 245 2381 posuit
265 2340 289 2370 0

1486 687 1519 712 55

1485 984 1519 1008 60

1485 1280 1518 1305 65

1486 1578 1519 1602 70
