1627 2517
146 1605 179 1630 45

199 59 256 100 36
600 59 787 93 MAN1L11
813 58 1154 94 ASTRONOMICA
1424 60 1499 94 Lib.
1525 60 1555 94 11

201 167 315 222 quod
345 167 531 209 fecunda
557 167 684 209 Ceres
711 182 896 222 campos,
922 168 1036 222 quod
1067 167 1213 209 Pallas
1245 175 1487 224 utrumque,

201 232 330 282 atque
356 226 531 268 arbusta
557 226 678 281 vagis
704 234 842 268 essent
867 227 980 282 quod
1007 227 1204 269 adultera
1228 227 1382 282 pomis,

200 284 494 340 silvarumque
524 286 623 327 deos
654 292 904 341 sacrataque
933 286 1125 328 flumina
1153 286 1375 341 nymphis,

202 344 320 400 pacis
343 360 449 400 opus
473 360 652 399 magnos
674 351 854 387 naturae
877 345 1025 387 condit
1049 345 1094 387 in
1119 361 1230 387 usus.

169 424 180 446 ς,
202 411 416 445 astrorum
453 403 631 459 quidam
664 404 803 446 varias
836 404 984 446 dixere
1015 404 1188 459 figuras

202 462 413 518 signaque
440 463 612 505 diffuso
638 463 800 519 passim
826 463 1020 505 labentia
1046 464 1161 505 caelo

200 521 248 563 in
280 522 506 577 proprium
538 522 744 577 cuiusque
777 537 913 577 genus
944 538 1175 578 causasque
1209 523 1365 565 tulere:

201 581 359 623 Persea
387 587 429 623 et
455 582 765 623 Andromeden
792 596 929 637 poena
955 589 1223 637 matremque
1250 581 1466 624 dolentem

199 640 520 696 solventemque
548 648 716 696 patrem
745 648 1002 696 raptamque
1029 642 1229 695 Lycaone
1257 648 1404 683 natam

146 719 161 743 3
202 699 445 754 officioque
473 701 589 741 Iovis
616 701 900 754 Cynosuram,
928 701 1037 742 lacte
1065 701 1302 755 Capellam,

202 765 244 800 et
272 760 393 800 furto
424 759 634 813 Cycnum,
666 759 828 814 pietate
858 760 912 801 ad
943 760 1085 801 sidera
1116 760 1289 801 ductam

203 817 424 872 Erigonen
453 819 627 873 ictuque
655 819 826 873 Nepam
853 818 1076 874 spolioque
1102 819 1288 860 Leonem

200 884 242 918 et
265 892 408 919 morsu
432 877 661 928 Cancrum,
686 878 832 919 Pisces
855 878 1119 932 Cythereide
1141 893 1273 920 versa.

201 936 469 990 Lanigerum
502 937 614 978 victo
647 937 874 978 ducentem
906 936 1048 979 sidera
1079 944 1224 992 ponto,

166 1015 179 1039 5
200 1002 424 1051 ceteraque
453 1011 502 1037 ex
532 996 664 1038 variis
692 996 926 1051 pendentia
954 996 1123 1038 casibus
1151 1003 1265 1038 astra

202 1055 375 1096 aethera
397 1070 472 1110 per
495 1071 711 1097 summum
734 1056 962 1097 voluerunt
982 1056 1079 1097 fixa
1101 1056 1274 1097 revolvi.

202 1129 383 1168 quorum
411 1114 677 1156 carminibus
703 1114 819 1155 nihil
847 1120 910 1156 est
935 1114 1020 1156 nisi
1047 1115 1199 1156 fabula
1226 1115 1404 1164 caelum,

202 1180 399 1238 testaque
429 1174 670 1236 composuit
699 1175 878 1224 caelum,
910 1189 1018 1229 quae
1044 1175 1201 1229 pendet
1232 1174 1284 1215 ab
1314 1174 1402 1215 illo.

202 1231 308 1298 quin
334 1232 467 1274 etiam
491 1248 692 1288 pecorum
718 1233 829 1275 litus
854 1240 895 1275 et
921 1234 1043 1275 Pana
1068 1241 1291 1275 sonantem

200 1290 248 1332 in
273 1292 459 1333 calamos
486 1292 634 1334 Sicula
658 1298 869 1334 memorat
892 1293 1047 1333 tellure
1072 1300 1261 1342 creatus3

201 1365 276 1391 nec
303 1350 425 1392 silvis
452 1350 645 1392 silvestre
673 1351 790 1392 canit
816 1366 977 1406 perque
1004 1351 1178 1392 horrida
1206 1358 1346 1393 motus

201 1425 302 1451 rura
325 1408 429 1451 serit
453 1409 592 1451 dulcis
616 1425 868 1464 musamque
892 1410 1062 1452 inducit
1086 1410 1131 1451 in
1156 1425 1268 1452 arva.

201 1483 292 1510 ecce
317 1468 429 1510 alius
453 1469 592 1523 pictas
617 1469 807 1510 volucres
830 1485 876 1510 ac
902 1469 1014 1510 bella
1037 1470 1244 1519 ferarum,

201 1527 275 1569 ille
305 1535 534 1569 venenatos
563 1529 734 1582 anguis,
764 1528 834 1569 hic
862 1529 1030 1570 naviter
1059 1529 1211 1570 herbas

201 1587 295 1628 fata
326 1587 458 1628 refert
488 1588 715 1652 xitamque.
737 1602 813 1628 sua
841 1587 983 1629 radice
1013 1588 1207 1629 ferentis.

202 1646 307 1711 quin
333 1647 465 1687 etiam
491 1646 715 1710 tenebris
704 1661 955 1687 immeisum
981 1654 1174 1710 tartaron
1199 1654 1291 1711 atra

259 1728 297 1755 2⁶
323 1708 458 1755 Lucan.
474 1708 567 1755 Vm
585 1724 667 1754 172ε
703 1708 885 1754 ‘labentia
912 1708 1029 1754 caelo'

271 1795 306 1821 21
334 1787 455 1821 Pallas
478 1788 603 1823 Greech
629 1773 776 1821 Bachus
803 1790 827 1819 0
927 1794 965 1820 23
992 1774 1144 1822 flumina
1171 1788 1294 1822 'l'.hom
1323 1774 1475 1822 numina
1494 1791 1550 1821 LG

199 1835 346 1869 rumina
365 1838 399 1868 M
461 1834 646 1879 nymphis]
669 1833 831 1878 lymphis
852 1835 918 1869 Br.
946 1834 1100 1869 numina.
1117 1836 1274 1870 retinens
1353 1841 1390 1869 28
1416 1835 1550 1869 Persea

199 1882 293 1918 Scal.
321 1881 421 1917 Persi
441 1885 495 1915 LG
522 1881 625 1916 Parsi
646 1885 680 1915 M
700 1883 751 1925 (in
774 1893 817 1915 m.
839 1883 937 1925 pars'j)
987 1882 1246 1917 Andromedan
1263 1883 1381 1917 Bentl.
1407 1882 1551 1916 Andro-

199 1929 306 1963 mede
327 1932 351 1963 0
424 1939 545 1973 poena
565 1929 686 1964 Bentl.
719 1939 858 1973 poenas
881 1932 904 1962 0
1003 1936 1041 1962 29
1068 1928 1321 1974 solantemque
1341 1933 1402 1963 V⁹¹¹
1428 1930 1549 1964 Bentl.

247 1978 432 2020 raptuque
452 1976 570 2011 Bentl.
645 1982 683 2010 35
710 1977 925 2020 ceterasque
946 1976 998 2010 Μ’
1072 1983 1110 2010 38
1135 1978 1278 2011 terrave
1298 1980 1361 2023 ’ᾗς
1389 1976 1551 2011 caelum-

200 2034 272 2068 que
297 2023 485 2068 dependet
504 2027 539 2057 M
636 2030 674 2057 39
700 2034 873 2067 pecorum
893 2023 986 2057 ritus
1007 2027 1072 2058 ΜΘ
1096 2024 1190 2058 ritus
1210 2034 1385 2068 pecorum
1405 2028 1430 2058 1.
1456 2024 1550 2058 ritus

199 2073 391 2115 pastorum
407 2071 525 2105 Bentz.
606 2077 645 2104 40
666 2072 810 2104 creatus
831 2070 911 2104 ΜΠ
936 2070 1070 2105 creatis
1091 2071 1163 2104 L¹G
1243 2078 1278 2105 41
1303 2082 1370 2115 per
1396 2072 1494 2116 quod
1515 2076 1551 2106 Π

248 2125 286 2152 42
312 2128 399 2152 arva
419 2118 511 2153 Scal.
540 2128 648 2152 auras
669 2121 693 2150 0
720 2119 828 2151 antra
855 2118 974 2153 Bentl.
1079 2125 1116 2152 44
1143 2121 1341 2153 venenatos
1369 2119 1502 2164 anguis
1523 2122 1550 2152 G

202 2168 379 2201 xenenato
406 2165 556 2210 sanguis
583 2165 663 2199 ML¹
689 2168 861 2209 (sangues
881 2165 939 2210 L’)
1035 2165 1095 2200 hic
1120 2166 1264 2200 naviter
1290 2177 1350 2212 eyo
1376 2166 1437 2200 hic
1461 2167 1551 2201 nata.

200 2225 266 2257 per
292 2217 316 2247 0
344 2213 565 2257 aconitaque
592 2214 629 2246 et
653 2212 807 2246 Housm.
918 2220 956 2246 45
982 2222 1048 2246 sua
1068 2217 1137 2246 ΜΝ·
1163 2223 1267 2247 suam
1288 2216 1312 2246 0
1419 2220 1456 2247 40
1483 2214 1550 2248 im-

200 2271 360 2295 mersum
385 2262 551 2296 tartaron
572 2260 667 2296 Scal.
694 2260 902 2293 inmensum
929 2261 1072 2294 tartara
1093 2264 1116 2294 0
1215 2263 1297 2294 atra.
1315 2260 1460 2296 Vossius
1485 2272 1551 2295 na-

201 2310 296 2341 tram
318 2312 344 2341 G
370 2310 481 2342 nacta
500 2310 534 2340 Μ
561 2309 690 2342 natum
710 2310 736 2340 1.
