1627 2517
101 172 156 208 sno

100 478 154 504 665

100 773 153 799 570

94 1068 151 1096 2375

95 1366 152 1392 580

179 56 261 98 122
571 55 759 91 MANILH
784 55 1127 91 ASTRONOMICA
1373 55 1451 91 Lib.
1472 55 1522 90 IV

235 179 311 206 nec
336 180 421 206 non
447 164 708 206 Arcitenens
735 164 878 219 prima
902 180 998 206 cum
1027 170 1142 206 veste
1167 171 1376 218 resurget,

176 230 348 278 pectora
371 224 487 265 clara
511 224 636 265 dabit
662 224 773 265 bello
797 223 1056 278 magnisque
1081 223 1320 278 triumphis

175 283 455 338 conspicuum
484 283 650 338 patrias
680 283 885 325 victorem
914 284 1042 325 ducet
1071 283 1125 324 ad
1156 297 1286 332 arces,

175 343 349 397 altaque
373 357 486 384 nunc
510 349 672 384 statuet
696 357 809 384 nunc
832 342 947 384 idem
974 342 1144 383 moenia
1168 347 1317 384 vertet.

175 401 248 443 sed
271 401 460 443 nimium
486 401 720 456 indulgens
745 401 871 443 rebus
894 402 1073 443 fortuna
1099 401 1296 443 secundis

176 460 345 502 invidet
367 461 414 502 in
437 461 551 502 facie
575 461 796 516 saevitque
819 461 1056 516 asperrima
1083 460 1236 502 fronti.

175 520 412 562 horrendus
437 520 549 562 bello
576 521 780 562 Trebiam
807 520 1064 575 Cannasque
1086 520 1315 575 lacumque

175 585 274 621 ante
303 580 459 633 fugam
491 580 572 621 tali
604 580 813 634 pensabat
842 579 1037 634 imagine
1070 579 1220 621 victor.

233 639 416 681 ultimus
438 639 484 680 in
506 640 666 681 caudae
688 639 976 694 Capricornus
999 639 1193 680 acumine
1216 653 1382 680 summo

175 697 385 740 militiam
412 698 459 739 in
488 706 620 753 ponto
647 698 785 740 dictat
813 698 1058 753 puppisque
1088 698 1290 739 colendae

172 756 279 798 dura
311 757 557 798 ministeria
590 763 631 798 et
662 757 776 798 vitae
804 757 1035 798 discrimen
1067 757 1112 797 in
1149 757 1290 798 undis.

233 816 347 871 quod
363 816 398 857 si
413 832 539 871 quem
557 823 837 871 sanctumque
850 815 957 858 velis
973 823 1222 870 castumque
1235 815 1516 870 probumque,

174 875 244 916 hic
264 875 346 917 tibi
368 882 578 925 nascetur,
599 891 696 917 cum
715 876 883 930 primus
902 876 1125 930 Aquarius
1147 876 1250 917 exit.

233 949 337 975 neve
359 935 417 976 sit
439 935 493 976 ad
516 935 680 989 primos
701 934 874 976 animus
897 934 1124 990 procedere
1146 934 1313 976 Pisces:

173 994 411 1048 garrulitas
441 994 588 1036 odiosa
618 995 748 1036 datur
779 994 1042 1049 linguaeque
1071 1009 1282 1035 venenum

173 1053 302 1094 verba
323 1053 520 1107 maligna
541 1069 671 1095 novas
692 1054 906 1095 mutantis
925 1068 1092 1108 semper
1115 1053 1168 1094 ad
1190 1053 1321 1102 auris,

173 1112 357 1154 crimina
378 1128 453 1167 per
474 1113 683 1168 populum
704 1113 854 1167 populi
876 1114 989 1154 ferre
1011 1128 1081 1154 ore
1103 1112 1307 1166 bilingui.

173 1171 296 1213 nulla
319 1172 436 1213 fides
462 1172 598 1214 inerit
624 1172 754 1222 natis,
782 1173 854 1214 sed
883 1187 1051 1214 summa
1076 1171 1229 1213 libido.

174 1231 396 1272 ardentem
421 1231 586 1273 medios
612 1231 808 1273 animum
834 1231 943 1273 libet
965 1231 1029 1272 ire
1055 1247 1130 1286 per
1155 1231 1292 1285 ignes.

174 1289 340 1332 scilicet
362 1291 408 1331 in
432 1290 593 1345 piscem
619 1306 706 1332 sese
729 1291 944 1344 Cytherea
970 1291 1157 1339 novavit,

171 1364 267 1390 cum
300 1349 618 1403 Babyloniacas
645 1365 880 1391 summersa
908 1349 1145 1404 profugit
1134 1365 1179 1390 111
1210 1349 1345 1390 undas

177 1408 483 1463 [anguipedem
513 1409 650 1450 alatos
681 1424 849 1450 umeros
881 1409 1094 1463 Typhona
1122 1409 1366 1461 ferentem].

172 1467 442 1522 inseruitque
470 1483 568 1509 suos
597 1467 838 1523 squamosis
866 1467 1057 1522 piscibus
1085 1468 1221 1521 ignes.

229 1603 288 1629 560
312 1598 478 1641 resurget
497 1596 610 1631 Jacob
635 1596 796 1642 resurgit
817 1600 840 1630 0
940 1603 997 1630 562
1024 1596 1136 1631 ducet
1156 1600 1183 1630 G
1209 1595 1313 1630 ducit
1330 1599 1356 1629 L
1383 1595 1519 1630 victore

170 1643 280 1678 ducet
299 1644 351 1676 Μ1
386 1644 482 1678 victo
508 1643 660 1678 reducet
679 1643 732 1676 Μ’
853 1650 911 1677 568
937 1645 1079 1678 statuet
1098 1647 1126 1677 G
1159 1644 1292 1678 statuit
1312 1646 1372 1676 m.
1441 1652 1519 1676 ver·

169 1692 225 1725 tet
244 1695 272 1725 G
295 1690 406 1725 vertit
426 1694 486 1724 ML
572 1698 630 1725 565
656 1690 860 1735 asperrima.
880 1695 908 1725 G
933 1691 1118 1735 asperima
1137 1695 1162 1724 1.
1189 1691 1418 1734 adsperrima
1436 1693 1471 1724 M

169 1745 227 1771 556
253 1738 449 1782 lacumque
470 1742 533 1772 Mo
558 1740 668 1783 (man.
684 1740 765 1782 rec.)
791 1738 988 1782 locumque
1007 1739 1080 1772 LG¹
1166 1745 1224 1771 569
1251 1738 1424 1772 militiam
1445 1737 1519 1771 11²6

170 1785 326 1820 militiae
345 1786 426 1819 L¹M
486 1785 525 1819 in
551 1797 616 1821 om.
638 1790 666 1819 G
723 1786 840 1820 dictat
860 1787 947 1831 Rey.
975 1786 1077 1820 dicat
1095 1789 1157 1819 ML
1218 1785 1408 1829 pubesque
1426 1785 1473 1818 Ι.1

167 1839 228 1866 570
254 1833 346 1867 dura
365 1837 391 1865 F
427 1833 508 1867 dira
527 1837 551 1867 0
650 1833 856 1867 ministerio
876 1834 921 1866 1.¹
999 1833 1038 1867 in
1064 1833 1174 1867 undis
1194 1832 1307 1868 Jacob
1342 1831 1472 1866 inertis
1493 1835 1517 1865 0

216 1887 271 1914 571
297 1879 527 1924 probumque
547 1884 573 1913 F
598 1881 799 1924 probumve
821 1880 948 1914 M‘2L2G
971 1880 1288 1924 probumbeL¹M¹
1362 1886 1420 1913 572
1445 1878 1518 1924 pri-

170 1927 238 1961 mis
257 1928 302 1960 L¹
434 1934 492 1961 573
519 1938 609 1962 neve
636 1928 697 1973 sit]
724 1939 770 1962 ne
796 1928 886 1962 velit
905 1928 1019 1963 Jacob
1054 1938 1099 1962 ne
1125 1928 1222 1961 ferat
1246 1938 1307 1972 eyo
1381 1926 1429 1960 ad
1449 1927 1517 1962 Br.

166 1976 207 2008 et
227 1979 251 2008 Ο
301 1974 438 2019 primos
458 1975 551 2010 Scal.
577 1975 718 2018 primus
739 1979 773 2008 M
797 1975 926 2019 primis
944 1979 1001 2009 LG
1049 1974 1193 2009 animus
1212 1973 1294 2007 m’
1318 1985 1384 2009 om.
1397 1973 1473 2007 L¹G

167 2021 363 2065 procedere
383 2025 443 2055 ML
478 2022 680 2066 producere
701 2027 728 2056 G
872 2029 929 2056 574
957 2032 1135 2056 venenum
1155 2025 1223 2054 ΗΘΒ
1259 2024 1472 2056 moventum
1493 2025 1517 2055 0

216 2076 274 2103 575
299 2069 496 2115 mutantis]
522 2069 704 2104 musantia
727 2070 812 2115 Req
841 2071 938 2104 Bon.
1053 2076 1111 2103 576
1136 2068 1316 2113 populum
1337 2073 1365 2102 G
1389 2068 1516 2113 polum

168 2118 228 2150 m.
278 2127 339 2151 ore
360 2119 388 2150 G
412 2117 499 2151 orbe
519 2120 579 2149 ML
678 2123 736 2150 578
761 2117 865 2162 libet]
894 2116 996 2151 iubet
1015 2117 1134 2151 Bentl
1169 2115 1272 2150 iuvat
1293 2117 1358 2151 Br
1458 2122 1517 2150 579

167 2164 317 2198 novavit
337 2164 423 2209 Req.
451 2163 596 2198 notavit
615 2168 639 2198 0
738 2171 796 2197 580
824 2163 1085 2198 Babiloniacas
1112 2174 1315 2198 summersa
1335 2166 1371 2197 M
1400 2162 1512 2198 Babi-

167 2211 268 2246 Ionia
294 2222 420 2245 casum
446 2221 566 2245 mersa
583 2211 628 2245 L¹
657 2211 870 2246 Babilonias
898 2221 1024 2246 casum
1043 2211 1088 2244 ΒΞ
1114 2210 1330 2245 Babilonias
1357 2222 1461 2245 casus
1482 2214 1510 2244 G

215 2265 269 2291 581
305 2258 424 2292 alatos
456 2269 600 2293 umeros
619 2259 728 2292 MLG¹
763 2258 874 2293 alatis
900 2258 1035 2293 umeris
1057 2258 1101 2292 G²
1150 2269 1290 2293 versam
1321 2258 1510 2293 damnavit

169 2305 289 2340 Bentl.
