<?xml version="1.0" encoding="UTF-8"?>
<!DOCTYPE html PUBLIC "-//W3C//DTD XHTML 1.0 Transitional//EN"
    "http://www.w3.org/TR/xhtml1/DTD/xhtml1-transitional.dtd">
<html xmlns="http://www.w3.org/1999/xhtml" xml:lang="en" lang="en">
 <head>
  <title>
</title>
<meta http-equiv="Content-Type" content="text/html;charset=utf-8" />
  <meta name='ocr-system' content='tesseract 3.04.00' />
  <meta name='ocr-capabilities' content='ocr_page ocr_carea ocr_par ocr_line ocrx_word'/>
</head>
<body>
  <div class='ocr_page' id='page_1' title='image "astronomicaedidi00maniuoft_0158.png"; bbox 0 0 1627 2517; ppageno 0'>
   <div class='ocr_carea' id='block_1_1' title="bbox 97 196 150 221">
    <p class='ocr_par' dir='ltr' id='par_1_1' title="bbox 97 196 150 221">
     <span class='ocr_line' id='line_1_1' title="bbox 97 196 150 221; baseline 0 0"><span class='ocrx_word' id='word_1_1' title='bbox 97 196 150 221; x_wconf 78' lang='lat'>510</span> 
     </span>
    </p>
   </div>
   <div class='ocr_carea' id='block_1_2' title="bbox 99 490 150 515">
    <p class='ocr_par' dir='ltr' id='par_1_2' title="bbox 99 490 150 515">
     <span class='ocr_line' id='line_1_2' title="bbox 99 490 150 515; baseline 0 0"><span class='ocrx_word' id='word_1_2' title='bbox 99 490 150 515; x_wconf 79' lang='lat'>515</span> 
     </span>
    </p>
   </div>
   <div class='ocr_carea' id='block_1_3' title="bbox 100 786 151 811">
    <p class='ocr_par' dir='ltr' id='par_1_3' title="bbox 100 786 151 811">
     <span class='ocr_line' id='line_1_3' title="bbox 100 786 151 811; baseline -0.02 0"><span class='ocrx_word' id='word_1_3' title='bbox 100 786 151 811; x_wconf 76' lang='lat'>520</span> 
     </span>
    </p>
   </div>
   <div class='ocr_carea' id='block_1_4' title="bbox 100 1082 151 1107">
    <p class='ocr_par' dir='ltr' id='par_1_4' title="bbox 100 1082 151 1107">
     <span class='ocr_line' id='line_1_4' title="bbox 100 1082 151 1107; baseline -0.02 0"><span class='ocrx_word' id='word_1_4' title='bbox 100 1082 151 1107; x_wconf 80' lang='lat'>525</span> 
     </span>
    </p>
   </div>
   <div class='ocr_carea' id='block_1_5' title="bbox 95 1380 153 1405">
    <p class='ocr_par' dir='ltr' id='par_1_5' title="bbox 95 1380 153 1405">
     <span class='ocr_line' id='line_1_5' title="bbox 95 1380 153 1405; baseline -0.017 0"><span class='ocrx_word' id='word_1_5' title='bbox 95 1380 153 1405; x_wconf 68' lang='lat'>5:30</span> 
     </span>
    </p>
   </div>
   <div class='ocr_carea' id='block_1_6' title="bbox 174 67 1518 110">
    <p class='ocr_par' dir='ltr' id='par_1_6' title="bbox 174 67 1518 110">
     <span class='ocr_line' id='line_1_6' title="bbox 174 67 1518 110; baseline 0.001 -8"><span class='ocrx_word' id='word_1_6' title='bbox 174 69 259 110; x_wconf 81' lang='lat'>120</span> <span class='ocrx_word' id='word_1_7' title='bbox 570 67 759 103; x_wconf 87' lang='lat' dir='ltr'>MANILII</span> <span class='ocrx_word' id='word_1_8' title='bbox 784 67 1130 103; x_wconf 81' lang='lat' dir='ltr'>ASTRONOMICA</span> <span class='ocrx_word' id='word_1_9' title='bbox 1368 69 1448 104; x_wconf 93' lang='lat' dir='ltr'><strong>Lib.</strong></span> <span class='ocrx_word' id='word_1_10' title='bbox 1468 69 1518 104; x_wconf 89' lang='lat' dir='ltr'>IV</span> 
     </span>
    </p>
   </div>
   <div class='ocr_carea' id='block_1_7' title="bbox 170 176 1378 1656">
    <p class='ocr_par' dir='ltr' id='par_1_7' title="bbox 170 176 1277 647">
     <span class='ocr_line' id='line_1_7' title="bbox 172 176 1277 219; baseline 0.001 -1"><span class='ocrx_word' id='word_1_11' title='bbox 172 184 221 219; x_wconf 92' lang='lat' dir='ltr'>ut</span> <span class='ocrx_word' id='word_1_12' title='bbox 250 183 349 218; x_wconf 89' lang='lat' dir='ltr'>ruat</span> <span class='ocrx_word' id='word_1_13' title='bbox 380 184 456 218; x_wconf 88' lang='lat' dir='ltr'>aut</span> <span class='ocrx_word' id='word_1_14' title='bbox 487 177 647 218; x_wconf 89' lang='lat' dir='ltr'>vincat.</span> <span class='ocrx_word' id='word_1_15' title='bbox 685 192 773 219; x_wconf 86' lang='lat' dir='ltr'>non</span> <span class='ocrx_word' id='word_1_16' title='bbox 805 176 905 219; x_wconf 91' lang='lat' dir='ltr'>illos</span> <span class='ocrx_word' id='word_1_17' title='bbox 936 177 1110 218; x_wconf 89' lang='lat' dir='ltr'>sedibus</span> <span class='ocrx_word' id='word_1_18' title='bbox 1140 176 1277 219; x_wconf 86' lang='lat' dir='ltr'>isdem</span> 
     </span>
     <span class='ocr_line' id='line_1_8' title="bbox 170 236 1164 291; baseline 0.001 -14"><span class='ocrx_word' id='word_1_19' title='bbox 170 236 322 278; x_wconf 88' lang='lat' dir='ltr'>mollia</span> <span class='ocrx_word' id='word_1_20' title='bbox 346 251 421 291; x_wconf 89' lang='lat' dir='ltr'>per</span> <span class='ocrx_word' id='word_1_21' title='bbox 446 236 639 291; x_wconf 89' lang='lat' dir='ltr'>placidas</span> <span class='ocrx_word' id='word_1_22' title='bbox 665 236 880 278; x_wconf 85' lang='lat' dir='ltr'>delectant</span> <span class='ocrx_word' id='word_1_23' title='bbox 903 236 994 278; x_wconf 90' lang='lat' dir='ltr'>otia</span> <span class='ocrx_word' id='word_1_24' title='bbox 1019 251 1164 287; x_wconf 85' lang='lat' dir='ltr'>curas;</span> 
     </span>
     <span class='ocr_line' id='line_1_9' title="bbox 170 295 1233 351; baseline 0.001 -15"><span class='ocrx_word' id='word_1_25' title='bbox 170 296 243 337; x_wconf 84' lang='lat' dir='ltr'>sed</span> <span class='ocrx_word' id='word_1_26' title='bbox 266 295 387 337; x_wconf 86' lang='lat' dir='ltr'>iuvat</span> <span class='ocrx_word' id='word_1_27' title='bbox 412 295 587 350; x_wconf 88' lang='lat' dir='ltr'>ignotas</span> <span class='ocrx_word' id='word_1_28' title='bbox 611 311 778 350; x_wconf 81' lang='lat' dir='ltr'>semper</span> <span class='ocrx_word' id='word_1_29' title='bbox 800 296 985 337; x_wconf 89' lang='lat' dir='ltr'>transire</span> <span class='ocrx_word' id='word_1_30' title='bbox 1011 311 1085 351; x_wconf 89' lang='lat' dir='ltr'>per</span> <span class='ocrx_word' id='word_1_31' title='bbox 1109 296 1233 337; x_wconf 81' lang='lat' dir='ltr'>urbes</span> 
     </span>
     <span class='ocr_line' id='line_1_10' title="bbox 170 355 1176 410; baseline 0.001 -14"><span class='ocrx_word' id='word_1_32' title='bbox 170 355 440 410; x_wconf 88' lang='lat' dir='ltr'>scrutarique</span> <span class='ocrx_word' id='word_1_33' title='bbox 462 370 620 396; x_wconf 89' lang='lat' dir='ltr'>novum</span> <span class='ocrx_word' id='word_1_34' title='bbox 643 355 839 410; x_wconf 86' lang='lat' dir='ltr'>pelagus,</span> <span class='ocrx_word' id='word_1_35' title='bbox 865 355 1000 397; x_wconf 88' lang='lat' dir='ltr'>totius</span> <span class='ocrx_word' id='word_1_36' title='bbox 1022 362 1064 397; x_wconf 89' lang='lat' dir='ltr'>et</span> <span class='ocrx_word' id='word_1_37' title='bbox 1089 370 1176 397; x_wconf 91' lang='lat' dir='ltr'>esse</span> 
     </span>
     <span class='ocr_line' id='line_1_11' title="bbox 171 413 1223 470; baseline 0.001 -15"><span class='ocrx_word' id='word_1_38' title='bbox 171 413 287 456; x_wconf 92' lang='lat' dir='ltr'>orbis</span> <span class='ocrx_word' id='word_1_39' title='bbox 314 414 362 455; x_wconf 90' lang='lat' dir='ltr'>in</span> <span class='ocrx_word' id='word_1_40' title='bbox 391 414 595 469; x_wconf 91' lang='lat' dir='ltr'>hospitio.</span> <span class='ocrx_word' id='word_1_41' title='bbox 635 414 758 456; x_wconf 87' lang='lat' dir='ltr'>testis</span> <span class='ocrx_word' id='word_1_42' title='bbox 785 413 870 456; x_wconf 88' lang='lat' dir='ltr'>tibi</span> <span class='ocrx_word' id='word_1_43' title='bbox 900 413 1090 469; x_wconf 83' lang='lat' dir='ltr'>Laniger</span> <span class='ocrx_word' id='word_1_44' title='bbox 1118 415 1223 470; x_wconf 88' lang='lat' dir='ltr'>ipse,</span> 
     </span>
     <span class='ocr_line' id='line_1_12' title="bbox 171 473 1243 529; baseline 0.002 -15"><span class='ocrx_word' id='word_1_45' title='bbox 171 488 268 514; x_wconf 92' lang='lat' dir='ltr'>cum</span> <span class='ocrx_word' id='word_1_46' title='bbox 288 473 475 515; x_wconf 89' lang='lat' dir='ltr'>vitreum</span> <span class='ocrx_word' id='word_1_47' title='bbox 495 473 673 515; x_wconf 75' lang='lat' dir='ltr'>findens</span> <span class='ocrx_word' id='word_1_48' title='bbox 695 474 866 515; x_wconf 88' lang='lat' dir='ltr'>auravit</span> <span class='ocrx_word' id='word_1_49' title='bbox 884 474 1040 515; x_wconf 90' lang='lat' dir='ltr'>vellere</span> <span class='ocrx_word' id='word_1_50' title='bbox 1060 481 1243 529; x_wconf 89' lang='lat' dir='ltr'>pontum</span> 
     </span>
     <span class='ocr_line' id='line_1_13' title="bbox 172 533 1176 588; baseline 0.001 -14"><span class='ocrx_word' id='word_1_51' title='bbox 172 533 456 588; x_wconf 85' lang='lat' dir='ltr'>orbatumque</span> <span class='ocrx_word' id='word_1_52' title='bbox 479 548 556 574; x_wconf 87' lang='lat' dir='ltr'>sua</span> <span class='ocrx_word' id='word_1_53' title='bbox 580 533 796 574; x_wconf 82' lang='lat' dir='ltr'><strong>Phrixum</strong></span> <span class='ocrx_word' id='word_1_54' title='bbox 820 548 896 588; x_wconf 90' lang='lat' dir='ltr'>per</span> <span class='ocrx_word' id='word_1_55' title='bbox 916 534 1012 575; x_wconf 87' lang='lat' dir='ltr'>fata</span> <span class='ocrx_word' id='word_1_56' title='bbox 1037 548 1176 575; x_wconf 90' lang='lat' dir='ltr'>sorore</span> 
     </span>
     <span class='ocr_line' id='line_1_14' title="bbox 173 591 1253 647; baseline 0.002 -15"><span class='ocrx_word' id='word_1_57' title='bbox 173 591 387 634; x_wconf 81' lang='lat' dir='ltr'>Phasidos</span> <span class='ocrx_word' id='word_1_58' title='bbox 409 592 463 633; x_wconf 91' lang='lat' dir='ltr'>ad</span> <span class='ocrx_word' id='word_1_59' title='bbox 487 592 606 647; x_wconf 86' lang='lat' dir='ltr'>ripas</span> <span class='ocrx_word' id='word_1_60' title='bbox 630 599 672 634; x_wconf 87' lang='lat' dir='ltr'>et</span> <span class='ocrx_word' id='word_1_61' title='bbox 694 592 903 634; x_wconf 85' lang='lat' dir='ltr'>Colchida</span> <span class='ocrx_word' id='word_1_62' title='bbox 929 599 1099 647; x_wconf 84' lang='lat' dir='ltr'>tergore</span> <span class='ocrx_word' id='word_1_63' title='bbox 1121 592 1253 634; x_wconf 77' lang='lat' dir='ltr'>vexit.</span> 
     </span>
    </p>

    <p class='ocr_par' dir='ltr' id='par_1_8' title="bbox 170 651 1365 1062">
     <span class='ocr_line' id='line_1_15' title="bbox 231 651 1315 706; baseline 0 -13"><span class='ocrx_word' id='word_1_64' title='bbox 231 657 276 693; x_wconf 88' lang='lat' dir='ltr'>at</span> <span class='ocrx_word' id='word_1_65' title='bbox 298 666 404 706; x_wconf 89' lang='lat' dir='ltr'>quos</span> <span class='ocrx_word' id='word_1_66' title='bbox 426 652 570 706; x_wconf 88' lang='lat' dir='ltr'>prima</span> <span class='ocrx_word' id='word_1_67' title='bbox 593 660 739 693; x_wconf 87' lang='lat' dir='ltr'>creant</span> <span class='ocrx_word' id='word_1_68' title='bbox 761 651 978 694; x_wconf 85' lang='lat' dir='ltr'>nascentis</span> <span class='ocrx_word' id='word_1_69' title='bbox 1001 652 1144 693; x_wconf 86' lang='lat' dir='ltr'>sidera</span> <span class='ocrx_word' id='word_1_70' title='bbox 1167 652 1315 702; x_wconf 86' lang='lat' dir='ltr'>Tauri,</span> 
     </span>
     <span class='ocr_line' id='line_1_16' title="bbox 170 710 1365 766; baseline 0.002 -15"><span class='ocrx_word' id='word_1_71' title='bbox 170 710 356 752; x_wconf 81' lang='lat' dir='ltr'>feminei</span> <span class='ocrx_word' id='word_1_72' title='bbox 387 711 606 753; x_wconf 90' lang='lat' dir='ltr'>incedunt.</span> <span class='ocrx_word' id='word_1_73' title='bbox 649 726 724 752; x_wconf 90' lang='lat' dir='ltr'>nec</span> <span class='ocrx_word' id='word_1_74' title='bbox 756 711 885 765; x_wconf 89' lang='lat' dir='ltr'>longe</span> <span class='ocrx_word' id='word_1_75' title='bbox 914 726 1041 752; x_wconf 90' lang='lat' dir='ltr'>causa</span> <span class='ocrx_word' id='word_1_76' title='bbox 1073 712 1257 766; x_wconf 87' lang='lat' dir='ltr'>petenda</span> <span class='ocrx_word' id='word_1_77' title='bbox 1289 717 1365 761; x_wconf 89' lang='lat' dir='ltr'>est,</span> 
     </span>
     <span class='ocr_line' id='line_1_17' title="bbox 171 769 1307 825; baseline 0.002 -15"><span class='ocrx_word' id='word_1_78' title='bbox 171 769 209 811; x_wconf 85' lang='lat' dir='ltr'>si</span> <span class='ocrx_word' id='word_1_79' title='bbox 237 770 364 811; x_wconf 91' lang='lat' dir='ltr'>modo</span> <span class='ocrx_word' id='word_1_80' title='bbox 392 785 468 825; x_wconf 89' lang='lat' dir='ltr'>per</span> <span class='ocrx_word' id='word_1_81' title='bbox 497 785 646 812; x_wconf 82' lang='lat' dir='ltr'>causas</span> <span class='ocrx_word' id='word_1_82' title='bbox 672 777 874 812; x_wconf 86' lang='lat' dir='ltr'>naturam</span> <span class='ocrx_word' id='word_1_83' title='bbox 905 785 1108 825; x_wconf 87' lang='lat' dir='ltr'>quaerere</span> <span class='ocrx_word' id='word_1_84' title='bbox 1134 771 1204 812; x_wconf 85' lang='lat' dir='ltr'>fas</span> <span class='ocrx_word' id='word_1_85' title='bbox 1233 777 1307 812; x_wconf 88' lang='lat' dir='ltr'>est.</span> 
     </span>
     <span class='ocr_line' id='line_1_18' title="bbox 172 829 1167 885; baseline 0 -15"><span class='ocrx_word' id='word_1_86' title='bbox 172 844 344 871; x_wconf 88' lang='lat' dir='ltr'>aversus</span> <span class='ocrx_word' id='word_1_87' title='bbox 366 829 486 871; x_wconf 86' lang='lat' dir='ltr'>venit</span> <span class='ocrx_word' id='word_1_88' title='bbox 508 829 555 870; x_wconf 87' lang='lat' dir='ltr'>in</span> <span class='ocrx_word' id='word_1_89' title='bbox 579 830 745 871; x_wconf 87' lang='lat' dir='ltr'>caelum</span> <span class='ocrx_word' id='word_1_90' title='bbox 767 829 972 885; x_wconf 88' lang='lat' dir='ltr'>divesque</span> <span class='ocrx_word' id='word_1_91' title='bbox 995 829 1167 885; x_wconf 86' lang='lat' dir='ltr'>puellis,</span> 
     </span>
     <span class='ocr_line' id='line_1_19' title="bbox 172 888 1283 943; baseline 0.001 -14"><span class='ocrx_word' id='word_1_92' title='bbox 172 888 404 930; x_wconf 88' lang='lat' dir='ltr'>Pleiadum</span> <span class='ocrx_word' id='word_1_93' title='bbox 431 904 564 943; x_wconf 85' lang='lat' dir='ltr'>parvo</span> <span class='ocrx_word' id='word_1_94' title='bbox 591 889 782 930; x_wconf 85' lang='lat' dir='ltr'>referens</span> <span class='ocrx_word' id='word_1_95' title='bbox 811 889 1124 943; x_wconf 89' lang='lat' dir='ltr'>glomeramine</span> <span class='ocrx_word' id='word_1_96' title='bbox 1150 889 1283 931; x_wconf 83' lang='lat' dir='ltr'>sidus.</span> 
     </span>
     <span class='ocr_line' id='line_1_20' title="bbox 172 948 1240 1003; baseline 0.001 -14"><span class='ocrx_word' id='word_1_97' title='bbox 172 948 374 989; x_wconf 86' lang='lat' dir='ltr'>accedent</span> <span class='ocrx_word' id='word_1_98' title='bbox 391 954 434 989; x_wconf 87' lang='lat' dir='ltr'>et</span> <span class='ocrx_word' id='word_1_99' title='bbox 456 948 570 989; x_wconf 84' lang='lat' dir='ltr'>ruris</span> <span class='ocrx_word' id='word_1_100' title='bbox 592 963 706 1003; x_wconf 88' lang='lat' dir='ltr'>opes,</span> <span class='ocrx_word' id='word_1_101' title='bbox 728 948 990 1003; x_wconf 89' lang='lat' dir='ltr'>propriaque</span> <span class='ocrx_word' id='word_1_102' title='bbox 1012 948 1240 990; x_wconf 89' lang='lat' dir='ltr'>iuvencum</span> 
     </span>
     <span class='ocr_line' id='line_1_21' title="bbox 172 1007 1178 1062; baseline 0.001 -14"><span class='ocrx_word' id='word_1_103' title='bbox 172 1007 271 1048; x_wconf 93' lang='lat' dir='ltr'>dote</span> <span class='ocrx_word' id='word_1_104' title='bbox 292 1022 367 1062; x_wconf 91' lang='lat' dir='ltr'>per</span> <span class='ocrx_word' id='word_1_105' title='bbox 390 1007 581 1049; x_wconf 75' lang='lat' dir='ltr'>inversos</span> <span class='ocrx_word' id='word_1_106' title='bbox 602 1014 783 1049; x_wconf 78' lang='lat' dir='ltr'>exornat</span> <span class='ocrx_word' id='word_1_107' title='bbox 803 1023 971 1049; x_wconf 90' lang='lat' dir='ltr'>vomere</span> <span class='ocrx_word' id='word_1_108' title='bbox 993 1023 1178 1062; x_wconf 84' lang='lat' dir='ltr'>campos.</span> 
     </span>
    </p>

    <p class='ocr_par' dir='ltr' id='par_1_9' title="bbox 173 1067 1368 1358">
     <span class='ocr_line' id='line_1_22' title="bbox 232 1067 1323 1122; baseline 0.001 -15"><span class='ocrx_word' id='word_1_109' title='bbox 232 1067 305 1108; x_wconf 93' lang='lat' dir='ltr'>sed</span> <span class='ocrx_word' id='word_1_110' title='bbox 322 1067 520 1121; x_wconf 88' lang='lat' dir='ltr'>geminos</span> <span class='ocrx_word' id='word_1_111' title='bbox 538 1082 673 1122; x_wconf 88' lang='lat' dir='ltr'>aequa</span> <span class='ocrx_word' id='word_1_112' title='bbox 691 1082 788 1108; x_wconf 90' lang='lat' dir='ltr'>cum</span> <span class='ocrx_word' id='word_1_113' title='bbox 804 1068 973 1122; x_wconf 78' lang='lat' dir='ltr'>profert</span> <span class='ocrx_word' id='word_1_114' title='bbox 992 1068 1108 1109; x_wconf 89' lang='lat' dir='ltr'>unda</span> <span class='ocrx_word' id='word_1_115' title='bbox 1126 1067 1323 1122; x_wconf 83' lang='lat' dir='ltr'>tegitque</span> 
     </span>
     <span class='ocr_line' id='line_1_23' title="bbox 173 1126 1366 1181; baseline 0.002 -15"><span class='ocrx_word' id='word_1_116' title='bbox 173 1132 309 1180; x_wconf 89' lang='lat' dir='ltr'>parte,</span> <span class='ocrx_word' id='word_1_117' title='bbox 339 1126 465 1168; x_wconf 89' lang='lat' dir='ltr'>dabit</span> <span class='ocrx_word' id='word_1_118' title='bbox 494 1126 641 1168; x_wconf 84' lang='lat' dir='ltr'>studia</span> <span class='ocrx_word' id='word_1_119' title='bbox 671 1133 712 1168; x_wconf 89' lang='lat' dir='ltr'>et</span> <span class='ocrx_word' id='word_1_120' title='bbox 740 1127 888 1168; x_wconf 86' lang='lat' dir='ltr'>doctas</span> <span class='ocrx_word' id='word_1_121' title='bbox 920 1127 1127 1181; x_wconf 81' lang='lat' dir='ltr'>producet</span> <span class='ocrx_word' id='word_1_122' title='bbox 1157 1127 1209 1168; x_wconf 90' lang='lat' dir='ltr'>ad</span> <span class='ocrx_word' id='word_1_123' title='bbox 1240 1133 1366 1168; x_wconf 85' lang='lat' dir='ltr'>artes.</span> 
     </span>
     <span class='ocr_line' id='line_1_24' title="bbox 173 1185 1236 1240; baseline 0.001 -14"><span class='ocrx_word' id='word_1_124' title='bbox 173 1200 248 1226; x_wconf 89' lang='lat' dir='ltr'>nec</span> <span class='ocrx_word' id='word_1_125' title='bbox 272 1185 397 1227; x_wconf 88' lang='lat' dir='ltr'>triste</span> <span class='ocrx_word' id='word_1_126' title='bbox 420 1185 665 1239; x_wconf 85' lang='lat' dir='ltr'>ingenium,</span> <span class='ocrx_word' id='word_1_127' title='bbox 692 1186 764 1227; x_wconf 85' lang='lat' dir='ltr'>sed</span> <span class='ocrx_word' id='word_1_128' title='bbox 787 1185 905 1228; x_wconf 90' lang='lat' dir='ltr'>dulci</span> <span class='ocrx_word' id='word_1_129' title='bbox 930 1186 1069 1228; x_wconf 87' lang='lat' dir='ltr'>tincta</span> <span class='ocrx_word' id='word_1_130' title='bbox 1093 1186 1236 1240; x_wconf 87' lang='lat' dir='ltr'>lepore</span> 
     </span>
     <span class='ocr_line' id='line_1_25' title="bbox 173 1244 1368 1300; baseline 0 -14"><span class='ocrx_word' id='word_1_131' title='bbox 173 1245 299 1286; x_wconf 85' lang='lat' dir='ltr'>corda</span> <span class='ocrx_word' id='word_1_132' title='bbox 331 1252 446 1287; x_wconf 89' lang='lat' dir='ltr'>creat</span> <span class='ocrx_word' id='word_1_133' title='bbox 477 1245 677 1299; x_wconf 82' lang='lat' dir='ltr'>vocisque</span> <span class='ocrx_word' id='word_1_134' title='bbox 710 1245 833 1286; x_wconf 89' lang='lat' dir='ltr'>bonis</span> <span class='ocrx_word' id='word_1_135' title='bbox 861 1245 1141 1300; x_wconf 82' lang='lat' dir='ltr'>citharaeque</span> <span class='ocrx_word' id='word_1_136' title='bbox 1174 1244 1368 1287; x_wconf 87' lang='lat' dir='ltr'>sonantis</span> 
     </span>
     <span class='ocr_line' id='line_1_26' title="bbox 174 1303 1232 1358; baseline 0.001 -14"><span class='ocrx_word' id='word_1_137' title='bbox 174 1303 355 1345; x_wconf 78' lang='lat' dir='ltr'>instruit</span> <span class='ocrx_word' id='word_1_138' title='bbox 380 1311 421 1345; x_wconf 90' lang='lat' dir='ltr'>et</span> <span class='ocrx_word' id='word_1_139' title='bbox 446 1304 568 1346; x_wconf 87' lang='lat' dir='ltr'>dotes</span> <span class='ocrx_word' id='word_1_140' title='bbox 592 1304 728 1345; x_wconf 88' lang='lat' dir='ltr'>saltus</span> <span class='ocrx_word' id='word_1_141' title='bbox 751 1319 848 1346; x_wconf 88' lang='lat' dir='ltr'>cum</span> <span class='ocrx_word' id='word_1_142' title='bbox 875 1310 1045 1358; x_wconf 85' lang='lat' dir='ltr'>pectore</span> <span class='ocrx_word' id='word_1_143' title='bbox 1069 1304 1232 1358; x_wconf 90' lang='lat' dir='ltr'>iungit.</span> 
     </span>
    </p>

    <p class='ocr_par' dir='ltr' id='par_1_10' title="bbox 173 1363 1378 1656">
     <span class='ocr_line' id='line_1_27' title="bbox 233 1363 1309 1417; baseline 0.001 -13"><span class='ocrx_word' id='word_1_144' title='bbox 233 1370 279 1404; x_wconf 88' lang='lat' dir='ltr'>at</span> <span class='ocrx_word' id='word_1_145' title='bbox 305 1363 432 1417; x_wconf 88' lang='lat' dir='ltr'>niger</span> <span class='ocrx_word' id='word_1_146' title='bbox 462 1363 640 1405; x_wconf 91' lang='lat' dir='ltr'>obscura</span> <span class='ocrx_word' id='word_1_147' title='bbox 670 1363 833 1405; x_wconf 88' lang='lat' dir='ltr'>Cancer</span> <span class='ocrx_word' id='word_1_148' title='bbox 861 1378 957 1405; x_wconf 91' lang='lat' dir='ltr'>cum</span> <span class='ocrx_word' id='word_1_149' title='bbox 989 1363 1101 1405; x_wconf 87' lang='lat' dir='ltr'>nube</span> <span class='ocrx_word' id='word_1_150' title='bbox 1129 1364 1309 1413; x_wconf 88' lang='lat' dir='ltr'>feretur,</span> 
     </span>
     <span class='ocr_line' id='line_1_28' title="bbox 174 1422 1177 1477; baseline 0.001 -14"><span class='ocrx_word' id='word_1_151' title='bbox 174 1437 282 1477; x_wconf 90' lang='lat' dir='ltr'>quae</span> <span class='ocrx_word' id='word_1_152' title='bbox 301 1423 418 1464; x_wconf 91' lang='lat' dir='ltr'>velut</span> <span class='ocrx_word' id='word_1_153' title='bbox 438 1429 614 1464; x_wconf 84' lang='lat' dir='ltr'>exustus</span> <span class='ocrx_word' id='word_1_154' title='bbox 633 1422 845 1464; x_wconf 87' lang='lat' dir='ltr'>Phoebeis</span> <span class='ocrx_word' id='word_1_155' title='bbox 864 1422 1041 1476; x_wconf 86' lang='lat' dir='ltr'>ignibus</span> <span class='ocrx_word' id='word_1_156' title='bbox 1059 1422 1177 1477; x_wconf 89' lang='lat' dir='ltr'>ignis</span> 
     </span>
     <span class='ocr_line' id='line_1_29' title="bbox 173 1481 1096 1536; baseline 0.001 -14"><span class='ocrx_word' id='word_1_157' title='bbox 173 1481 331 1523; x_wconf 80' lang='lat' dir='ltr'>deficit</span> <span class='ocrx_word' id='word_1_158' title='bbox 353 1488 395 1523; x_wconf 89' lang='lat' dir='ltr'>et</span> <span class='ocrx_word' id='word_1_159' title='bbox 418 1482 558 1523; x_wconf 90' lang='lat' dir='ltr'>multa</span> <span class='ocrx_word' id='word_1_160' title='bbox 582 1482 727 1523; x_wconf 87' lang='lat' dir='ltr'>fuscat</span> <span class='ocrx_word' id='word_1_161' title='bbox 748 1481 938 1536; x_wconf 89' lang='lat' dir='ltr'>caligine</span> <span class='ocrx_word' id='word_1_162' title='bbox 964 1482 1096 1531; x_wconf 87' lang='lat' dir='ltr'>sidus,</span> 
     </span>
     <span class='ocr_line' id='line_1_30' title="bbox 174 1540 1307 1596; baseline 0 -14"><span class='ocrx_word' id='word_1_163' title='bbox 174 1541 343 1582; x_wconf 87' lang='lat' dir='ltr'>lumina</span> <span class='ocrx_word' id='word_1_164' title='bbox 373 1541 586 1582; x_wconf 83' lang='lat' dir='ltr'>deficient</span> <span class='ocrx_word' id='word_1_165' title='bbox 617 1548 782 1595; x_wconf 88' lang='lat' dir='ltr'>partus,</span> <span class='ocrx_word' id='word_1_166' title='bbox 816 1540 1123 1596; x_wconf 88' lang='lat' dir='ltr'>geminamque</span> <span class='ocrx_word' id='word_1_167' title='bbox 1151 1541 1307 1583; x_wconf 86' lang='lat' dir='ltr'>creatis</span> 
     </span>
     <span class='ocr_line' id='line_1_31' title="bbox 176 1600 1378 1656; baseline 0.001 -15"><span class='ocrx_word' id='word_1_168' title='bbox 176 1606 357 1642; x_wconf 89' lang='lat' dir='ltr'>mortem</span> <span class='ocrx_word' id='word_1_169' title='bbox 377 1600 472 1642; x_wconf 88' lang='lat' dir='ltr'>fata</span> <span class='ocrx_word' id='word_1_170' title='bbox 494 1600 672 1642; x_wconf 89' lang='lat' dir='ltr'>dabunt.</span> <span class='ocrx_word' id='word_1_171' title='bbox 706 1616 747 1642; x_wconf 88' lang='lat' dir='ltr'>se</span> <span class='ocrx_word' id='word_1_172' title='bbox 768 1600 951 1656; x_wconf 84' lang='lat' dir='ltr'>quisque</span> <span class='ocrx_word' id='word_1_173' title='bbox 975 1607 1016 1642; x_wconf 91' lang='lat' dir='ltr'>et</span> <span class='ocrx_word' id='word_1_174' title='bbox 1037 1600 1148 1642; x_wconf 86' lang='lat' dir='ltr'>vivit</span> <span class='ocrx_word' id='word_1_175' title='bbox 1169 1606 1210 1642; x_wconf 92' lang='lat' dir='ltr'>et</span> <span class='ocrx_word' id='word_1_176' title='bbox 1231 1600 1378 1642; x_wconf 83' lang='lat' dir='ltr'>effert.</span> 
     </span>
    </p>
   </div>
   <div class='ocr_carea' id='block_1_8' title="bbox 176 1752 1526 2364">
    <p class='ocr_par' dir='ltr' id='par_1_11' title="bbox 176 1752 1526 1882">
     <span class='ocr_line' id='line_1_32' title="bbox 234 1752 1526 1787; baseline 0 -1"><span class='ocrx_word' id='word_1_177' title='bbox 234 1759 290 1786; x_wconf 83' lang='grc'>510</span> <span class='ocrx_word' id='word_1_178' title='bbox 316 1755 357 1786; x_wconf 90' lang='lat' dir='ltr'>ut</span> <span class='ocrx_word' id='word_1_179' title='bbox 377 1757 404 1786; x_wconf 92' lang='lat' dir='ltr'>G</span> <span class='ocrx_word' id='word_1_180' title='bbox 430 1755 468 1786; x_wconf 90' lang='lat' dir='ltr'>et</span> <span class='ocrx_word' id='word_1_181' title='bbox 487 1756 547 1786; x_wconf 77' lang='lat' dir='ltr'>ML</span> <span class='ocrx_word' id='word_1_182' title='bbox 620 1754 705 1787; x_wconf 83' lang='lat' dir='ltr'>ruat</span> <span class='ocrx_word' id='word_1_183' title='bbox 722 1753 797 1786; x_wconf 87' lang='lat' dir='ltr'>L¹G</span> <span class='ocrx_word' id='word_1_184' title='bbox 827 1754 910 1787; x_wconf 90' lang='lat' dir='ltr'>ruet</span> <span class='ocrx_word' id='word_1_185' title='bbox 929 1755 964 1786; x_wconf 73' lang='lat' dir='ltr'>M</span> <span class='ocrx_word' id='word_1_186' title='bbox 988 1753 1064 1787; x_wconf 91' lang='lat' dir='ltr'>ruit</span> <span class='ocrx_word' id='word_1_187' title='bbox 1082 1752 1127 1786; x_wconf 84' lang='lat'>1.²</span> <span class='ocrx_word' id='word_1_188' title='bbox 1199 1754 1265 1787; x_wconf 87' lang='lat' dir='ltr'>aut</span> <span class='ocrx_word' id='word_1_189' title='bbox 1285 1753 1406 1787; x_wconf 72' lang='lat' dir='ltr'>Brntz.</span> <span class='ocrx_word' id='word_1_190' title='bbox 1432 1755 1473 1786; x_wconf 87' lang='lat' dir='ltr'>ut</span> <span class='ocrx_word' id='word_1_191' title='bbox 1491 1755 1526 1785; x_wconf 70' lang='grc' dir='ltr'><strong>Μ</strong></span> 
     </span>
     <span class='ocr_line' id='line_1_33' title="bbox 176 1799 1478 1834; baseline -0.001 0"><span class='ocrx_word' id='word_1_192' title='bbox 176 1802 213 1834; x_wconf 86' lang='lat' dir='ltr'>et</span> <span class='ocrx_word' id='word_1_193' title='bbox 230 1803 288 1833; x_wconf 86' lang='lat' dir='ltr'>LG</span> <span class='ocrx_word' id='word_1_194' title='bbox 384 1799 468 1834; x_wconf 91' lang='lat' dir='ltr'>illos</span> <span class='ocrx_word' id='word_1_195' title='bbox 489 1801 609 1834; x_wconf 74' lang='lat' dir='ltr'>Bentl.</span> <span class='ocrx_word' id='word_1_196' title='bbox 645 1799 731 1834; x_wconf 87' lang='lat' dir='ltr'>ullis</span> <span class='ocrx_word' id='word_1_197' title='bbox 751 1804 807 1834; x_wconf 84' lang='lat' dir='ltr'>LG</span> <span class='ocrx_word' id='word_1_198' title='bbox 843 1800 939 1834; x_wconf 85' lang='lat' dir='ltr'>ullus</span> <span class='ocrx_word' id='word_1_199' title='bbox 959 1803 994 1833; x_wconf 76' lang='lat' dir='ltr'>M</span> <span class='ocrx_word' id='word_1_200' title='bbox 1096 1800 1213 1834; x_wconf 79' lang='lat' dir='ltr'>isdem</span> <span class='ocrx_word' id='word_1_201' title='bbox 1235 1803 1269 1833; x_wconf 73' lang='lat' dir='ltr'>M</span> <span class='ocrx_word' id='word_1_202' title='bbox 1303 1800 1402 1833; x_wconf 86' lang='lat' dir='ltr'>idem</span> <span class='ocrx_word' id='word_1_203' title='bbox 1421 1803 1478 1834; x_wconf 84' lang='lat' dir='ltr'>LG</span> 
     </span>
     <span class='ocr_line' id='line_1_34' title="bbox 176 1847 1526 1882; baseline -0.001 -1"><span class='ocrx_word' id='word_1_204' title='bbox 176 1854 229 1881; x_wconf 85' lang='lat'>511</span> <span class='ocrx_word' id='word_1_205' title='bbox 256 1847 534 1881; x_wconf 66' lang='lat' dir='ltr'>delectantia-‘³</span> <span class='ocrx_word' id='word_1_206' title='bbox 560 1847 821 1882; x_wconf 81' lang='lat' dir='ltr'>delicidantL¹</span> <span class='ocrx_word' id='word_1_207' title='bbox 848 1847 1116 1882; x_wconf 75' lang='lat' dir='ltr'>deludantL²G</span> <span class='ocrx_word' id='word_1_208' title='bbox 1154 1850 1306 1881; x_wconf 68' lang='lat' dir='ltr'>cur-asli</span> <span class='ocrx_word' id='word_1_209' title='bbox 1331 1858 1456 1881; x_wconf 85' lang='lat' dir='ltr'>curam</span> <span class='ocrx_word' id='word_1_210' title='bbox 1470 1849 1526 1880; x_wconf 84' lang='lat' dir='ltr'>LG</span> 
     </span>
    </p>

    <p class='ocr_par' dir='ltr' id='par_1_12' title="bbox 176 1893 1525 2364">
     <span class='ocr_line' id='line_1_35' title="bbox 223 1893 1524 1939; baseline -0.001 -12"><span class='ocrx_word' id='word_1_211' title='bbox 223 1901 279 1928; x_wconf 84' lang='grc'>512</span> <span class='ocrx_word' id='word_1_212' title='bbox 305 1895 454 1939; x_wconf 86' lang='lat' dir='ltr'>ignotas</span> <span class='ocrx_word' id='word_1_213' title='bbox 477 1922 483 1928; x_wconf 95' lang='lat'>.</span> <span class='ocrx_word' id='word_1_214' title='bbox 501 1922 531 1929; x_wconf 90' lang='lat'>..</span> <span class='ocrx_word' id='word_1_215' title='bbox 552 1895 661 1929; x_wconf 79' lang='lat' dir='ltr'>urbes</span> <span class='ocrx_word' id='word_1_216' title='bbox 682 1898 746 1928; x_wconf 69' lang='grc' dir='ltr'>ΜΘ</span> <span class='ocrx_word' id='word_1_217' title='bbox 780 1895 927 1939; x_wconf 81' lang='lat' dir='ltr'>ignotos</span> <span class='ocrx_word' id='word_1_218' title='bbox 949 1922 956 1930; x_wconf 94' lang='lat'><strong><em>.</em></strong></span> <span class='ocrx_word' id='word_1_219' title='bbox 973 1923 980 1929; x_wconf 88' lang='lat'>.</span> <span class='ocrx_word' id='word_1_220' title='bbox 997 1924 1004 1930; x_wconf 92' lang='lat'><strong>.</strong></span> <span class='ocrx_word' id='word_1_221' title='bbox 1025 1895 1130 1929; x_wconf 84' lang='lat' dir='ltr'>orbes</span> <span class='ocrx_word' id='word_1_222' title='bbox 1150 1898 1175 1928; x_wconf 87' lang='lat' dir='ltr'>L</span> <span class='ocrx_word' id='word_1_223' title='bbox 1290 1901 1346 1927; x_wconf 74' lang='lat'>514</span> <span class='ocrx_word' id='word_1_224' title='bbox 1372 1893 1443 1927; x_wconf 83' lang='lat' dir='ltr'>tibi</span> <span class='ocrx_word' id='word_1_225' title='bbox 1464 1897 1524 1926; x_wconf 71' lang='lat' dir='ltr'>ML</span> 
     </span>
     <span class='ocr_line' id='line_1_36' title="bbox 177 1940 1525 1987; baseline -0.001 -12"><span class='ocrx_word' id='word_1_226' title='bbox 177 1940 247 1976; x_wconf 82' lang='lat' dir='ltr'>sibi</span> <span class='ocrx_word' id='word_1_227' title='bbox 270 1945 297 1975; x_wconf 93' lang='lat' dir='ltr'>G</span> <span class='ocrx_word' id='word_1_228' title='bbox 418 1949 471 1975; x_wconf 78' lang='lat'>517</span> <span class='ocrx_word' id='word_1_229' title='bbox 505 1944 649 1987; x_wconf 87' lang='lat' dir='ltr'>tergore</span> <span class='ocrx_word' id='word_1_230' title='bbox 677 1943 776 1976; x_wconf 78' lang='lat' dir='ltr'>vexit</span> <span class='ocrx_word' id='word_1_231' title='bbox 795 1946 822 1975; x_wconf 89' lang='lat' dir='ltr'>G</span> <span class='ocrx_word' id='word_1_232' title='bbox 848 1945 952 1987; x_wconf 86' lang='lat' dir='ltr'>tergo</span> <span class='ocrx_word' id='word_1_233' title='bbox 979 1942 1120 1976; x_wconf 80' lang='lat' dir='ltr'>revexit</span> <span class='ocrx_word' id='word_1_234' title='bbox 1139 1945 1173 1975; x_wconf 74' lang='grc' dir='ltr'><strong>Μ</strong></span> <span class='ocrx_word' id='word_1_235' title='bbox 1198 1942 1302 1985; x_wconf 83' lang='lat' dir='ltr'>tergo</span> <span class='ocrx_word' id='word_1_236' title='bbox 1327 1940 1462 1975; x_wconf 83' lang='lat' dir='ltr'>revixit</span> <span class='ocrx_word' id='word_1_237' title='bbox 1479 1941 1525 1974; x_wconf 80' lang='grc' dir='ltr'>Ι,1</span> 
     </span>
     <span class='ocr_line' id='line_1_37' title="bbox 177 1988 1525 2034; baseline 0 -12"><span class='ocrx_word' id='word_1_238' title='bbox 177 1991 284 2034; x_wconf 84' lang='lat' dir='ltr'>terga</span> <span class='ocrx_word' id='word_1_239' title='bbox 308 1989 449 2023; x_wconf 80' lang='lat' dir='ltr'>revexit</span> <span class='ocrx_word' id='word_1_240' title='bbox 468 1989 512 2022; x_wconf 79' lang='lat' dir='ltr'>L²</span> <span class='ocrx_word' id='word_1_241' title='bbox 633 1996 688 2023; x_wconf 79' lang='lat'>518</span> <span class='ocrx_word' id='word_1_242' title='bbox 715 1989 834 2024; x_wconf 81' lang='lat' dir='ltr'>sidere</span> <span class='ocrx_word' id='word_1_243' title='bbox 853 1991 897 2023; x_wconf 86' lang='lat' dir='ltr'>L¹</span> <span class='ocrx_word' id='word_1_244' title='bbox 1018 1996 1073 2023; x_wconf 85' lang='grc'>519</span> <span class='ocrx_word' id='word_1_245' title='bbox 1099 1988 1251 2023; x_wconf 86' lang='lat' dir='ltr'>feminei</span> <span class='ocrx_word' id='word_1_246' title='bbox 1271 1989 1391 2023; x_wconf 70' lang='lat' dir='ltr'>Bentl.</span> <span class='ocrx_word' id='word_1_247' title='bbox 1417 1988 1525 2022; x_wconf 85' lang='lat' dir='ltr'>femi-</span> 
     </span>
     <span class='ocr_line' id='line_1_38' title="bbox 176 2035 1478 2081; baseline -0.001 -11"><span class='ocrx_word' id='word_1_248' title='bbox 176 2047 247 2071; x_wconf 83' lang='lat' dir='ltr'>nea</span> <span class='ocrx_word' id='word_1_249' title='bbox 267 2040 291 2070; x_wconf 91' lang='lat'>0</span> <span class='ocrx_word' id='word_1_250' title='bbox 359 2036 536 2070; x_wconf 82' lang='lat' dir='ltr'>incedunt</span> <span class='ocrx_word' id='word_1_251' title='bbox 558 2038 676 2072; x_wconf 72' lang='lat' dir='ltr'>Bentl.</span> <span class='ocrx_word' id='word_1_252' title='bbox 704 2038 829 2070; x_wconf 77' lang='lat' dir='ltr'>iuceat-</span> <span class='ocrx_word' id='word_1_253' title='bbox 848 2040 883 2070; x_wconf 77' lang='lat' dir='ltr'>M</span> <span class='ocrx_word' id='word_1_254' title='bbox 907 2037 1003 2071; x_wconf 83' lang='lat' dir='ltr'>iacet</span> <span class='ocrx_word' id='word_1_255' title='bbox 1021 2037 1065 2070; x_wconf 68' lang='lat'>1⁴¹</span> <span class='ocrx_word' id='word_1_256' title='bbox 1090 2037 1214 2070; x_wconf 74' lang='lat' dir='ltr'>iaceat</span> <span class='ocrx_word' id='word_1_257' title='bbox 1232 2035 1276 2069; x_wconf 83' lang='lat' dir='ltr'>L²</span> <span class='ocrx_word' id='word_1_258' title='bbox 1300 2035 1380 2069; x_wconf 88' lang='lat' dir='ltr'>iace</span> <span class='ocrx_word' id='word_1_259' title='bbox 1390 2035 1432 2081; x_wconf 67' lang='lat' dir='ltr'><em>W</em></span> <span class='ocrx_word' id='word_1_260' title='bbox 1450 2039 1478 2068; x_wconf 92' lang='lat' dir='ltr'>G</span> 
     </span>
     <span class='ocr_line' id='line_1_39' title="bbox 177 2083 1525 2128; baseline -0.001 -11"><span class='ocrx_word' id='word_1_261' title='bbox 177 2090 234 2118; x_wconf 83' lang='grc'>522</span> <span class='ocrx_word' id='word_1_262' title='bbox 260 2083 528 2128; x_wconf 81' lang='lat' dir='ltr'>glomeramine</span> <span class='ocrx_word' id='word_1_263' title='bbox 545 2084 656 2119; x_wconf 84' lang='lat' dir='ltr'>Gron.</span> <span class='ocrx_word' id='word_1_264' title='bbox 683 2083 925 2127; x_wconf 53' lang='lat' dir='ltr'>glomeratim</span> <span class='ocrx_word' id='word_1_265' title='bbox 941 2088 964 2118; x_wconf 92' lang='lat'>0</span> <span class='ocrx_word' id='word_1_266' title='bbox 1039 2090 1096 2117; x_wconf 83' lang='grc'>523</span> <span class='ocrx_word' id='word_1_267' title='bbox 1123 2083 1346 2117; x_wconf 71' lang='lat' dir='ltr'>accedunto</span> <span class='ocrx_word' id='word_1_268' title='bbox 1382 2083 1525 2116; x_wconf 73' lang='lat' dir='ltr'>rurislt</span> 
     </span>
     <span class='ocr_line' id='line_1_40' title="bbox 177 2131 1483 2166; baseline -0.002 -1"><span class='ocrx_word' id='word_1_269' title='bbox 177 2143 300 2165; x_wconf 82' lang='lat' dir='ltr'>rursus</span> <span class='ocrx_word' id='word_1_270' title='bbox 319 2135 377 2165; x_wconf 86' lang='lat' dir='ltr'>LG</span> <span class='ocrx_word' id='word_1_271' title='bbox 515 2138 572 2165; x_wconf 75' lang='lat'>524</span> <span class='ocrx_word' id='word_1_272' title='bbox 600 2132 686 2165; x_wconf 87' lang='lat' dir='ltr'>dote</span> <span class='ocrx_word' id='word_1_273' title='bbox 706 2135 740 2165; x_wconf 75' lang='lat' dir='ltr'>M</span> <span class='ocrx_word' id='word_1_274' title='bbox 768 2132 874 2166; x_wconf 87' lang='lat' dir='ltr'>docte</span> <span class='ocrx_word' id='word_1_275' title='bbox 894 2135 918 2164; x_wconf 80' lang='lat' dir='ltr'>L</span> <span class='ocrx_word' id='word_1_276' title='bbox 944 2133 1051 2165; x_wconf 87' lang='lat' dir='ltr'>nocte</span> <span class='ocrx_word' id='word_1_277' title='bbox 1073 2134 1100 2164; x_wconf 98' lang='lat' dir='ltr'>G</span> <span class='ocrx_word' id='word_1_278' title='bbox 1196 2133 1341 2164; x_wconf 80' lang='lat' dir='ltr'>exercet</span> <span class='ocrx_word' id='word_1_279' title='bbox 1361 2131 1483 2165; x_wconf 82' lang='lat' dir='ltr'>Bentl.</span> 
     </span>
     <span class='ocr_line' id='line_1_41' title="bbox 177 2176 1479 2222; baseline -0.001 -10"><span class='ocrx_word' id='word_1_280' title='bbox 177 2185 235 2212; x_wconf 88' lang='grc'>525</span> <span class='ocrx_word' id='word_1_281' title='bbox 261 2190 343 2212; x_wconf 89' lang='lat' dir='ltr'>cum</span> <span class='ocrx_word' id='word_1_282' title='bbox 369 2178 509 2222; x_wconf 83' lang='lat' dir='ltr'>profert</span> <span class='ocrx_word' id='word_1_283' title='bbox 529 2182 563 2212; x_wconf 77' lang='lat' dir='ltr'>M</span> <span class='ocrx_word' id='word_1_284' title='bbox 598 2178 739 2222; x_wconf 84' lang='lat' dir='ltr'>profert</span> <span class='ocrx_word' id='word_1_285' title='bbox 765 2190 846 2212; x_wconf 89' lang='lat' dir='ltr'>cum</span> <span class='ocrx_word' id='word_1_286' title='bbox 866 2182 923 2212; x_wconf 91' lang='lat' dir='ltr'>LG</span> <span class='ocrx_word' id='word_1_287' title='bbox 1030 2178 1131 2212; x_wconf 83' lang='lat' dir='ltr'>unda</span> <span class='ocrx_word' id='word_1_288' title='bbox 1150 2178 1228 2211; x_wconf 77' lang='lat' dir='ltr'>ML¹</span> <span class='ocrx_word' id='word_1_289' title='bbox 1265 2177 1386 2212; x_wconf 85' lang='lat' dir='ltr'>vincla</span> <span class='ocrx_word' id='word_1_290' title='bbox 1403 2176 1479 2211; x_wconf 78' lang='lat' dir='ltr'>1.²G</span> 
     </span>
     <span class='ocr_line' id='line_1_42' title="bbox 177 2223 1524 2270; baseline -0.001 -10"><span class='ocrx_word' id='word_1_291' title='bbox 177 2232 235 2260; x_wconf 84' lang='grc'>528</span> <span class='ocrx_word' id='word_1_292' title='bbox 260 2227 433 2270; x_wconf 83' lang='lat' dir='ltr'>vocisque</span> <span class='ocrx_word' id='word_1_293' title='bbox 455 2230 482 2260; x_wconf 91' lang='lat' dir='ltr'>G</span> <span class='ocrx_word' id='word_1_294' title='bbox 509 2226 677 2270; x_wconf 86' lang='lat' dir='ltr'>vecisque</span> <span class='ocrx_word' id='word_1_295' title='bbox 698 2229 759 2258; x_wconf 77' lang='lat' dir='ltr'>ML</span> <span class='ocrx_word' id='word_1_296' title='bbox 856 2232 913 2260; x_wconf 84' lang='grc'>529</span> <span class='ocrx_word' id='word_1_297' title='bbox 939 2225 1055 2259; x_wconf 86' lang='lat' dir='ltr'>saltus</span> <span class='ocrx_word' id='word_1_298' title='bbox 1073 2229 1130 2259; x_wconf 87' lang='lat' dir='ltr'>LG</span> <span class='ocrx_word' id='word_1_299' title='bbox 1161 2225 1275 2259; x_wconf 75' lang='lat' dir='ltr'>salius</span> <span class='ocrx_word' id='word_1_300' title='bbox 1294 2228 1329 2258; x_wconf 71' lang='lat' dir='ltr'><strong>M</strong></span> <span class='ocrx_word' id='word_1_301' title='bbox 1377 2223 1524 2269; x_wconf 87' lang='lat' dir='ltr'>pectine</span> 
     </span>
     <span class='ocr_line' id='line_1_43' title="bbox 178 2272 1476 2308; baseline -0.002 0"><span class='ocrx_word' id='word_1_302' title='bbox 178 2274 297 2308; x_wconf 76' lang='lat' dir='ltr'>Bentl.</span> <span class='ocrx_word' id='word_1_303' title='bbox 385 2280 440 2307; x_wconf 81' lang='lat'>531</span> <span class='ocrx_word' id='word_1_304' title='bbox 467 2274 617 2308; x_wconf 80' lang='lat' dir='ltr'>exustus</span> <span class='ocrx_word' id='word_1_305' title='bbox 631 2274 744 2308; x_wconf 69' lang='lat' dir='ltr'>Jacob</span> <span class='ocrx_word' id='word_1_306' title='bbox 771 2277 918 2307; x_wconf 78' lang='lat' dir='ltr'>exsutus</span> <span class='ocrx_word' id='word_1_307' title='bbox 939 2276 973 2306; x_wconf 75' lang='lat' dir='ltr'>M</span> <span class='ocrx_word' id='word_1_308' title='bbox 999 2275 1130 2307; x_wconf 80' lang='lat' dir='ltr'>exutus</span> <span class='ocrx_word' id='word_1_309' title='bbox 1149 2276 1205 2306; x_wconf 92' lang='lat' dir='ltr'>LG</span> <span class='ocrx_word' id='word_1_310' title='bbox 1230 2272 1430 2307; x_wconf 80' lang='lat' dir='ltr'>exstinctus</span> <span class='ocrx_word' id='word_1_311' title='bbox 1449 2274 1476 2304; x_wconf 80' lang='lat' dir='ltr'>F</span> 
     </span>
     <span class='ocr_line' id='line_1_44' title="bbox 178 2320 1282 2364; baseline -0.001 -10"><span class='ocrx_word' id='word_1_312' title='bbox 178 2327 235 2354; x_wconf 75' lang='grc'>532</span> <span class='ocrx_word' id='word_1_313' title='bbox 261 2320 381 2356; x_wconf 89' lang='lat' dir='ltr'>defuit</span> <span class='ocrx_word' id='word_1_314' title='bbox 402 2325 429 2355; x_wconf 87' lang='lat' dir='ltr'>G</span> <span class='ocrx_word' id='word_1_315' title='bbox 526 2327 582 2354; x_wconf 77' lang='lat'>533</span> <span class='ocrx_word' id='word_1_316' title='bbox 608 2323 736 2364; x_wconf 81' lang='lat' dir='ltr'>partus</span> <span class='ocrx_word' id='word_1_317' title='bbox 757 2322 876 2355; x_wconf 78' lang='lat' dir='ltr'>Bentl.</span> <span class='ocrx_word' id='word_1_318' title='bbox 903 2321 1025 2354; x_wconf 80' lang='lat' dir='ltr'>arctus</span> <span class='ocrx_word' id='word_1_319' title='bbox 1045 2323 1105 2354; x_wconf 59' lang='lat' dir='ltr'>ma</span> <span class='ocrx_word' id='word_1_320' title='bbox 1133 2321 1234 2354; x_wconf 79' lang='lat' dir='ltr'>artus</span> <span class='ocrx_word' id='word_1_321' title='bbox 1255 2323 1282 2353; x_wconf 92' lang='lat' dir='ltr'>G</span> 
     </span>
    </p>
   </div>
  </div>
 </body>
</html>
