1627 2517
118 316 171 341 415

118 612 171 637 420

117 907 170 934 425

117 1204 170 1229 430

115 1502 167 1528 485

194 72 278 114 116
588 71 776 106 MANILII
802 71 1148 108 ASTRONOMICA
1387 74 1469 109 Lib.
1489 74 1539 109 1V

189 186 230 221 et
260 180 420 222 sterilis
451 187 631 236 utroque
660 187 818 231 tamen,
846 196 950 236 quas
979 181 1143 236 largior
1176 196 1311 233 umor,

194 254 385 294 quasque
416 239 560 281 minor
593 239 712 281 rivus
744 241 881 291 fovit;
922 256 1109 295 namque
1143 240 1289 282 omnia
1322 241 1475 284 mixtis

194 298 361 340 viribus
393 305 434 340 et
467 299 587 340 vario
620 306 888 354 consurgunt
920 299 1062 342 sidera
1096 307 1234 342 textu.

193 364 256 399 est
288 358 467 413 aequale
501 357 629 399 nihil.
666 365 856 401 terrenos
889 359 1032 414 aspice
1068 366 1232 401 tractus

193 423 235 458 et
261 417 396 459 maris
424 424 554 473 atque
583 418 690 460 artis
716 418 942 473 fugientia
971 419 1163 461 flumina
1191 418 1323 474 ripis:

192 476 356 518 crimen
386 476 548 532 ubique
577 478 797 532 frequens,
831 484 871 519 et
900 478 1021 520 laudi
1055 478 1186 520 noxia
1216 479 1364 520 iuncta
1396 486 1472 520 est.

189 535 249 576 sic
278 536 439 577 sterilis
467 542 632 578 torrens
660 537 786 578 laetis
810 537 1045 579 intervenit
1073 537 1200 588 arvis,

193 610 240 636 ac
272 595 416 637 subito
449 595 617 650 rumpit
651 611 782 651 parvo
813 596 1067 638 discrimine
1100 597 1232 638 fetus.

192 660 234 696 et
254 655 381 696 modo
403 661 554 709 portus
578 662 669 696 erat
690 655 852 710 pelagi,
877 655 966 697 iam
989 662 1110 698 vasta
1132 656 1392 710 Charybdis,

191 713 447 769 laudatique
475 714 592 756 cadit
619 721 717 769 post
746 715 927 770 paulum
955 715 1100 769 gratia
1128 715 1268 770 ponti.

191 779 233 814 et
256 788 370 814 nunc
395 788 471 828 per
497 774 706 828 scopulos,
732 789 845 815 nunc
871 774 1037 829 campis
1062 774 1226 816 labitur
1251 775 1391 816 amnis

192 838 268 874 aut
294 832 462 874 faciens
491 833 575 874 iter
604 840 681 875 aut
709 848 918 888 quaerens
949 834 1138 876 curritve
1165 833 1344 876 reditve.

193 891 254 932 sic
279 891 412 933 etiam
439 891 547 934 caeli
575 892 971 958 partes-va1iantur
998 894 1044 934 in
1070 893 1212 935 astris.

193 957 240 992 ut
268 951 444 1005 signum
475 967 498 993 a
528 951 667 1006 signo,
697 952 758 994 sic
788 968 811 993 a
839 967 881 994 se
910 952 1127 1007 discrepat
1156 953 1298 1007 ipsum

193 1017 494 1065 momentoque
517 1018 648 1065 negat
672 1011 784 1053 vires
809 1027 1020 1067 usumque
1042 1012 1272 1062 salubrem,

192 1070 392 1125 quodque
422 1085 498 1125 per
529 1070 605 1112 has
636 1071 805 1124 geritur
834 1078 992 1126 partes,
1026 1071 1118 1113 sine
1147 1072 1277 1126 fruge
1306 1078 1475 1113 creatur

192 1135 268 1170 aut
295 1129 414 1171 cadit
444 1136 521 1171 aut
551 1130 705 1172 multis
735 1131 869 1172 sentit
901 1131 1011 1172 bona
1042 1130 1182 1172 mixta
1212 1131 1412 1186 querelis.

193 1188 270 1229 hae
297 1188 409 1229 mihi
437 1189 677 1243 signandae
706 1189 882 1245 proprio
909 1196 1010 1232 sunt
1038 1190 1228 1231 carmine
1255 1196 1412 1245 partes.

193 1247 265 1289 sed
293 1248 391 1302 quis
419 1254 481 1289 tot
511 1264 711 1290 numeros
738 1249 898 1290 totiens
927 1249 1005 1291 sub
1032 1250 1128 1303 lege
1154 1250 1328 1299 referre,

193 1312 256 1348 tot
283 1313 427 1373 partes
456 1307 614 1349 iteiare
644 1314 787 1362 queat,
817 1314 881 1350 tot
910 1308 1050 1349 dicere
1078 1324 1268 1350 summas

190 1380 263 1431 per
271 1366 423 1432 partis
444 1382 589 1408 causas
607 1367 624 1405 ?
645 1367 803 1408 faciem
822 1372 989 1409 mutare
1011 1366 1217 1422 loquendi

194 1425 444 1480 incipimus,
477 1425 513 1467 si
545 1426 674 1467 velba
704 1426 862 1481 piget?
893 1427 965 1468 sed
999 1427 1143 1481 gratia
1174 1426 1324 1476 deerit,

189 1484 236 1525 in
268 1500 514 1540 vanumque
547 1485 669 1527 labor
702 1485 830 1535 cedit,
865 1501 992 1542 quem
1028 1485 1214 1541 despicit
1246 1486 1377 1527 auris.

246 1608 305 1635 435
330 1602 467 1636 Lucan.
488 1602 520 1635 ΙΙ
541 1606 626 1637 663:
657 1602 772 1636 ‘cedit
797 1603 835 1636 in
862 1603 1083 1636 immensum
1111 1613 1236 1636 cassus
1262 1602 1381 1636 labor'

245 1715 302 1742 413
328 1708 480 1754 sterilis]
508 1709 655 1743 sceleris
676 1713 710 1742 Μ
788 1710 930 1755 tamen]
958 1710 1065 1743 modo
1087 1711 1205 1745 Bentl.
1233 1711 1353 1743 tumet
1371 1709 1484 1744 Jacob

187 1756 296 1802 quas]
322 1767 396 1799 qua
418 1758 482 1790 Br.
628 1764 683 1790 414
711 1767 878 1801 quasque
898 1757 991 1792 Scal.
1021 1767 1167 1801 quaque
1190 1761 1213 1791 0
1288 1757 1408 1790 minor
1432 1756 1532 1790 rivus

185 1802 280 1836 fovit
313 1814 374 1848 eqo
409 1804 619 1839 dubitanter
653 1805 774 1839 minor
808 1805 859 1838 ibi
895 1805 1041 1839 tovitM
1075 1804 1280 1838 minoribus
1312 1804 1403 1847 (ovit
1427 1804 1487 1848 ss.)
1507 1807 1532 1836 1.

186 1851 306 1884 minor
317 1850 368 1895 ,W
386 1851 429 1884 G¹
454 1852 574 1885 minor
600 1852 672 1885 iam
700 1863 808 1886 sucus
829 1852 909 1885 obit
930 1856 957 1885 G
976 1855 1086 1896 (man.
1106 1854 1187 1892 rec.)
1214 1852 1334 1885 minor
1353 1862 1411 1885 ros
1430 1851 1534 1884 vivus

188 1896 270 1931 obit
289 1897 466 1943 Rossbery
563 1905 616 1931 417
646 1900 757 1942 atque
784 1900 875 1933 artis
901 1910 962 1945 eyo
989 1910 1082 1943 eque
1109 1900 1198 1933 artis
1220 1899 1326 1934 Beck.
1354 1899 1392 1932 et
1416 1897 1534 1942 partis

187 1945 297 1978 mdc}
331 1946 368 1978 et
392 1947 515 1988 partes
534 1946 579 1979 11²
613 1949 650 1980 et
676 1947 773 1980 notis
793 1950 819 1979 F
957 1946 1142 1990 fugientia
1160 1949 1195 1979 M
1229 1945 1413 1989 fulgentia
1431 1948 1488 1978 LG

186 1999 244 2026 419
270 1994 411 2026 torrens
427 1993 595 2027 Immz'sch
620 1994 726 2027 terris
749 1998 772 2028 0
799 1995 914 2028 torres
929 1995 1063 2038 Haupt
1176 1993 1284 2037 arvis]
1307 2003 1425 2026 annus
1439 1992 1534 2026 Scal.

186 2040 307 2084 (terris
332 2041 502 2084 retinens)
582 2047 636 2073 421
663 2042 770 2075 vasta
789 2044 824 2074 M
849 2041 950 2075 facta
967 2044 1025 2074 LG
1096 2046 1155 2074 422
1180 2040 1304 2084 gratia
1328 2040 1434 2083 ponti
1455 2038 1535 2072 m}

187 2089 254 2131 gra
278 2099 342 2132 xpi
368 2089 426 2131 (=
439 2088 562 2133 qratia
590 2088 736 2133 Christe)
755 2089 830 2122 L¹G
914 2094 972 2121 423
998 2087 1137 2122 labitur
1153 2086 1229 2121 L²G
1253 2087 1390 2121 lavitur
1406 2086 1488 2120 Lm

186 2141 243 2168 424
270 2135 428 2169 curritve
449 2135 577 2169 Barth.
605 2135 724 2170 uritve
744 2139 768 2169 0
872 2142 930 2169 436
957 2146 978 2169 a
1005 2135 1156 2180 (prius)]
1183 2147 1249 2169 om.
1267 2137 1302 2168 Μ
1374 2134 1424 2168 sit
1441 2134 1488 2167 Ι,1

185 2189 242 2215 427
269 2186 382 2227 neget
399 2186 425 2215 L
452 2193 634 2226 usumque
655 2186 689 2215 M
721 2184 918 2225 utrumque
936 2186 961 2216 L
990 2183 1200 2226 victumque
1221 2186 1247 2215 G
1321 2180 1470 2215 salubre
1489 2179 1534 2214 11²

185 2236 244 2263 432
270 2229 392 2263 dicere
410 2232 446 2262 M
472 2229 613 2264 discere
631 2233 688 2263 LG
755 2241 915 2264 summas
935 2229 1009 2263 L²G
1035 2230 1189 2263 summis
1208 2230 1290 2263 Lm
1386 2235 1444 2262 433
1469 2238 1535 2272 per

185 2277 303 2320 partis
322 2276 397 2310 L²G
428 2287 492 2321 per
516 2277 634 2321 patris
653 2277 734 2310 L¹M
837 2283 894 2310 434
920 2277 1120 2321 incipimus
1142 2278 1261 2312 Bentl.
1288 2275 1486 2310 incidimus
1508 2278 1532 2309 0

234 2323 263 2357 si
286 2327 313 2357 G
339 2324 387 2357 sit
404 2327 430 2357 L
457 2324 510 2358 sic
529 2327 564 2356 M
