1627 2517
113 254 165 278 850

114 550 165 575 855

116 845 168 870 860

117 1141 169 1167 865

119 1436 170 1460 8ῖο

121 1731 172 1755 8ῖὸ

182 68 238 108 32
580 68 767 103 MANILH
795 68 1138 103 ASTRONOMICA
1413 69 1493 104 Lib.
1516 71 1533 103 1

186 185 227 218 et
247 184 417 218 tenuem
440 177 583 230 longis
604 176 849 218 iaculantur
869 177 1061 218 crinibus
1080 177 1250 231 ignem3

187 243 505 290 exeurruntque
526 236 675 291 procul
696 236 881 278 volucris
902 236 1077 278 imitata
1098 236 1297 290 sagittas,

187 295 310 336 arida
330 310 426 336 cum
448 294 603 349 gracili
626 302 830 337 tenuatur
850 295 1005 337 semita
1023 296 1119 337 filo.

187 361 287 396 sunt
317 362 462 395 autem
493 354 660 396 cunctis
689 354 899 409 permixti
931 355 1129 410 partibus
1159 355 1295 409 ignes,

187 414 264 468 qui
291 414 494 467 gravidas
522 413 723 455 habitant
748 413 1008 456 fabricantis
1035 414 1227 455 fulmina
1253 414 1387 456 nubes

187 479 230 514 et
250 479 478 527 penetrant
501 480 636 514 terras
657 473 935 528 Aetnamque
956 473 1181 514 minantur
1203 472 1393 528 Olympo

188 539 230 572 et
250 531 413 573 calidas
435 532 621 574 reddunt
643 532 752 586 ipsis
773 533 819 573 in
840 533 1038 574 fontibus
1060 533 1195 574 undas

188 590 375 632 acsilice
395 591 440 632 in
460 591 567 632 dura
587 591 804 646 viridique
822 590 868 632 in
888 591 1042 633 cortice
1061 592 1203 633 sedem

189 650 433 700 inveniunt,
460 665 557 691 eum
584 651 692 691 silva
719 651 803 692 sibi
830 651 977 692 collisa
1004 659 1240 692 crematur:

190 709 369 763 ignibus
399 724 532 764 usque
563 710 668 751 adeo
697 718 853 751 natura
885 719 947 751 est
977 710 1116 751 omnis
1147 710 1383 752 abundans.

189 783 241 809 ne
270 768 425 809 mirere
452 769 569 809 faces
599 769 765 810 subitas
795 784 1016 824 erumpere
1044 770 1160 811 caelo

189 842 372 882 aeraque
393 843 617 869 accensum
637 828 836 870 flammis
857 828 997 870 lucere
1015 829 1200 870 coruscis

189 886 313 928 arida
339 887 613 941 complexum
641 887 850 942 spirantis
878 888 1042 928 semina
1070 895 1222 937 terrae,

191 961 298 1000 quae
324 946 495 987 volucer
521 961 697 1000 pascens
721 946 842 1000 ignis
867 947 1148 1001 sequiturque
1170 947 1390 1001 fugitque,

189 1005 371 1058 fulgura
401 1020 498 1047 cum
530 1005 677 1047 videas
709 1006 943 1047 tremulum
975 1006 1194 1048 vibrantia
1224 1006 1384 1055 lumen,

190 1063 406 1106 imbribus
430 1080 450 1105 e
474 1064 631 1106 mediis
654 1072 696 1106 et
720 1066 886 1106 caelum
909 1065 1098 1106 fulmine
1121 1073 1313 1120 ruptum.
1340 1089 1393 1092 —

191 1123 280 1164 sive
300 1123 441 1177 igitur
462 1123 573 1165 ratio
594 1124 842 1179 praebentis
863 1125 1027 1165 semina
1047 1131 1185 1166 terrae

191 1182 238 1223 in
266 1183 458 1224 volucres
487 1183 610 1237 ignes
639 1183 784 1238 potuit
814 1198 1018 1237 generare
1045 1191 1245 1226 cometas.

189 1241 277 1282 sive
308 1241 407 1283 illas
438 1249 592 1283 natura
624 1243 740 1283 faces
771 1248 819 1283 ut
851 1248 1003 1283 cuncta
1032 1242 1191 1284 creavit

193 1300 334 1341 sidera
364 1315 440 1355 per
473 1308 620 1342 tenues
652 1301 768 1342 caelo
800 1301 988 1342 lucentia
1019 1301 1238 1350 flammas,

197 1358 289 1410 (sed
316 1359 451 1400 trahit
479 1359 533 1400 ad
560 1367 692 1400 semet
719 1359 873 1414 rapido
899 1360 1104 1401 Titanius
1131 1368 1249 1401 aestu

193 1418 462 1473 involvitque
494 1433 569 1460 suo
599 1418 876 1460 flammantis
907 1419 1009 1472 igne
1041 1426 1240 1468 cometas,

193 1492 239 1518 ac
266 1478 393 1519 modo
420 1477 625 1527 dimittit,
655 1478 766 1519 sicut
795 1478 1021 1532 Cyllenius
1049 1478 1165 1520 orbis

193 1544 233 1577 et
255 1536 412 1586 Venus,
435 1551 608 1578 accenso
629 1552 725 1578 curn
746 1537 867 1579 ducit
887 1551 1060 1591 vespere
1080 1545 1262 1585 noctem,

194 1610 318 1650 saepe
347 1596 488 1637 nitent
519 1596 770 1651 falluntque
800 1596 943 1638 oculos
973 1611 1204 1651 rursusque
1232 1595 1446 1648 revisunt)

194 1669 267 1695 seu
294 1655 399 1696 deus
426 1655 633 1697 instantis
659 1655 745 1696 fati
774 1655 1004 1697 miseratus
1031 1656 1076 1696 in
1105 1655 1249 1697 orbem

195 1713 321 1767 signa
351 1729 426 1768 per
456 1714 647 1756 affectus
677 1714 871 1769 caelique
901 1714 1102 1756 incendia
1132 1714 1296 1764 mittit:

195 1787 433 1827 numquam
455 1773 684 1815 futtilibus
708 1773 941 1815 excanduit
964 1774 1142 1828 ignibus
1165 1774 1333 1815 aether:

195 1831 480 1886 squalidaque
506 1832 614 1874 elusi
641 1833 869 1887 deplorant
893 1848 995 1874 arva
1019 1833 1174 1882 coloni,

197 1898 237 1931 et
263 1890 425 1932 sterilis
451 1891 564 1932 inter
590 1892 727 1933 sulcos
752 1893 946 1933 defessus
971 1899 1115 1933 arator

197 1949 250 1990 ad
275 1949 380 2003 iuga
406 1950 638 1992 maerentis
663 1951 780 2005 cogit
804 1952 1016 1993 frustrata
1042 1951 1255 1992 iuvencos.

251 2084 310 2111 850
336 2079 608 2121 excurruntque
631 2079 747 2112 Bentl.
781 2080 1010 2121 exuruntque
1032 2081 1056 2111 0
1171 2077 1317 2123 procul]
1343 2077 1440 2111 viam
1461 2081 1495 2111 n

193 2132 247 2158 851
274 2124 391 2159 ardua
412 2125 505 2159 Bon.
602 2131 661 2158 852
687 2125 812 2160 cuncti
832 2128 867 2158 Μ
915 2125 1099 2170 permixta
1118 2124 1162 2158 Ι,“
1253 2130 1313 2159 855
1340 2125 1441 2169 ipsas
1462 2128 1496 2157 Κ

193 2179 251 2205 859
277 2171 403 2206 subita
429 2182 466 2206 se
492 2182 663 2216 rumpere
684 2175 718 2205 Μ
785 2179 843 2206 803
870 2183 954 2207 cum
973 2171 1053 2205 ΗΒ*
1079 2181 1124 2206 ne
1145 2172 1218 2205 L¹G
1285 2178 1343 2205 884
1370 2183 1390 2206 ο
1409 2171 1543 2206 mediis

195 2219 286 2254 Scal.
308 2220 345 2254 et
364 2218 497 2254 mediis
518 2222 542 2252 0
592 2225 650 2252 866
676 2219 799 2264 potuit
820 2219 914 2255 Scal.
940 2218 1066 2264 posuit
1087 2222 1110 2252 0
1161 2225 1217 2252 807
1245 2221 1288 2253 ut
1309 2219 1429 2254 Bentl.
1451 2218 1496 2252 ob
1518 2221 1542 2251 0

194 2272 252 2299 873
277 2276 496 2310 rursumque
517 2269 544 2300 G
639 2273 697 2300 874
724 2267 920 2301 miseratus
940 2270 984 2313 V,
1013 2266 1211 2300 miseratur
1231 2269 1255 2299 0
1352 2272 1410 2299 876
1435 2265 1544 2300 surti-

194 2312 290 2346 libus
311 2316 345 2346 Μ
442 2313 652 2348 excandunt
673 2317 701 2347 G
798 2313 894 2359 ignis
915 2316 950 2346 Μ
1093 2320 1148 2346 877
1177 2313 1271 2348 elusi
1290 2317 1317 2346 F
1343 2312 1451 2348 effusi
1471 2316 1495 2346 0
