1627 2517
91 416 142 441 295

91 714 143 739 300

93 1010 144 1036 305

96 1307 148 1332 310

99 1602 150 1628 315

162 110 218 150 84
552 111 740 147 MANILH
765 111 1111 147 ASTRONOMICA
1361 111 1438 147 Lib.
1461 111 1512 146 111

162 221 450 276 occiduusque
471 221 602 262 Aries
623 221 814 276 spatium
836 227 1089 276 tempusque
1111 220 1291 262 cadendi

162 281 276 335 quod
305 287 435 330 tenet,
464 280 510 321 in
538 286 709 322 tantum
739 280 898 322 Chelae
926 295 1182 334 consurgere
1208 286 1416 335 perstant.

162 340 255 381 eius
278 339 327 380 in
351 340 598 394 exemplum
624 354 666 381 se
692 339 819 394 signa
843 339 1068 394 sequentia
1093 346 1279 381 vertunt.

161 398 265 440 haec
290 398 365 440 ubi
391 399 667 440 constiterint
692 398 899 453 vigilanti
925 398 1100 440 condita
1126 404 1282 448 mente,

163 458 251 500 iam
273 458 406 500 facile
427 465 489 500 est
513 458 610 507 tibi,
635 459 748 513 quod
772 459 1029 513 quandoque
1052 458 1301 513 horoscopet
1324 465 1502 501 astrum,

163 532 347 567 noscere,
371 533 469 559 cum
491 517 619 559 liceat
642 517 771 559 certis
794 517 1019 572 surgentia
1043 517 1169 571 signa

162 577 315 619 ducere
337 577 605 632 temporibus
624 577 899 632 propriisque
919 577 1159 618 adscribere
1180 577 1225 617 in
1247 576 1370 618 horas

163 637 376 691 partibus,
401 644 447 678 ut
470 636 582 678 ratio
604 636 744 690 signis
766 637 950 678 ducatur
972 636 1026 678 ab
1048 636 1151 685 illis,

164 696 211 737 in
235 696 332 751 quis
356 695 556 737 Phoebus
580 696 676 745 erit,
703 711 885 751 quorum
910 695 1020 736 mihi
1042 695 1214 737 reddita
1237 710 1403 736 summa
1428 703 1506 735 est.

224 756 296 797 sed
319 770 456 810 neque
479 770 554 810 per
577 762 712 796 terras
735 754 876 796 omnis
899 769 1099 795 mensura
1121 753 1288 795 dierum

165 815 502 869 umbrarumque
523 815 671 856 eadem
692 820 768 863 est,
791 809 929 855 simili
951 828 1027 855 nec
1047 818 1243 868 tempora
1262 827 1429 854 summa

165 880 414 924 mutantur;
448 874 600 915 modus
625 879 689 915 est
714 873 860 914 varius
886 872 1055 914 ratione
1080 873 1158 914 sub
1184 887 1282 913 una.

165 949 265 975 nam
297 949 380 988 qua
408 932 588 974 Phrixei
616 932 833 974 ducuntur
858 932 1015 973 vellera
1044 931 1162 986 signi

166 991 485 1047 Chelarumque
507 991 623 1033 fides
645 991 871 1046 iustaeque
894 991 1095 1032 examina
1120 989 1289 1039 Librae,

166 1052 313 1093 omnia
341 1058 608 1105 consurgunt
636 1050 760 1092 binas
788 1050 852 1092 ibi
882 1051 1008 1104 signa
1036 1065 1112 1105 per
1140 1050 1278 1098 horas,

167 1111 281 1166 quod
313 1111 482 1152 medius
514 1117 628 1152 recto
660 1109 961 1165 praecingitur
995 1109 1144 1150 ordine
1176 1108 1362 1150 mundus

167 1170 448 1225 aequalisque
473 1185 601 1224 super
625 1176 917 1211 transversum
941 1169 1125 1210 vertitur
1150 1183 1288 1209 axem.

168 1229 238 1271 illi
261 1236 470 1284 perpetua
492 1229 737 1283 iunguntur
760 1244 861 1283 pace
886 1228 1037 1269 diebus

169 1289 370 1330 obscurae
390 1295 557 1338 noctesf,
585 1303 721 1343 aequo
741 1294 827 1329 stat
846 1287 1019 1328 foedere
1039 1294 1233 1341 tempus3

169 1363 245 1389 nec
277 1348 513 1389 manifesta
545 1354 665 1402 patet
697 1346 802 1388 falsi
836 1346 1013 1387 fallacia
1046 1345 1214 1394 mundi,

170 1407 242 1448 sed
266 1406 426 1448 similis
448 1406 584 1447 simili
608 1412 698 1448 toto
721 1420 805 1446 nox
830 1405 1027 1446 redditur
1049 1419 1174 1445 anno.

170 1466 371 1508 omnibus
397 1472 632 1508 autumnus
658 1464 810 1519 signis,
839 1479 910 1505 ver
936 1463 1136 1506 omnibus
1164 1478 1310 1509 unum,

172 1540 257 1566 una
280 1526 394 1580 quod
418 1525 590 1579 aequali
613 1525 823 1566 lustratur
846 1523 962 1565 linea
986 1523 1173 1564 Phoebo.

170 1599 246 1626 nec
267 1585 401 1626 refert
420 1590 536 1633 tunc,
559 1598 643 1638 quo
665 1583 865 1625 Phoebus
884 1583 1084 1624 decurrat
1104 1582 1151 1622 in
1171 1587 1300 1630 astro,

230 1707 291 1764 308,
324 1701 460 1734 Lucan.
476 1700 557 1734 VIII
577 1703 663 1734 462:
705 1699 806 1733 ‘inde
842 1699 953 1732 maris
991 1699 1082 1732 vasti
1117 1700 1326 1732 transverso
1361 1695 1519 1730 vertitur

172 1750 278 1783 aestu

231 1849 289 1876 292
322 1842 546 1886 occidusque
565 1846 600 1875 M
673 1841 832 1876 cadendi
853 1844 887 1874 M
920 1842 1076 1875 canendi
1096 1841 1186 1873 L¹G¹
1219 1839 1362 1874 oriendi
1382 1838 1474 1871 L²G¹

173 1896 232 1923 298
258 1891 427 1934 perstant
448 1891 534 1935 Req.
561 1891 706 1934 perstat
726 1892 786 1922 ML
812 1889 980 1934 praestat
1000 1891 1027 1922 G
1171 1893 1229 1920 294
1255 1887 1405 1920 vertunt
1425 1884 1519 1920 Scal.

173 1937 289 1972 versis
310 1940 334 1971 0
360 1939 510 1971 versant
530 1938 617 1982 Rey.
692 1944 750 1970 :295
776 1936 846 1970 tibi
867 1940 892 1969 L
966 1942 1024 1968 296
1051 1935 1121 1969 tibi
1136 1935 1256 1969 Bentl.
1283 1933 1313 1967 si
1335 1936 1359 1966 0
1386 1932 1439 1966 sic
1453 1932 1520 1966 Br.

221 1983 374 2019 horosco
394 1996 460 2028 per
474 1987 508 2017 M
581 1992 637 2018 297
665 1986 880 2019 nosceretM
924 1983 1031 2028 signa
1045 1986 1080 2016 M
1100 1981 1217 2027 signis
1232 1984 1287 2014 LG
1355 1985 1413 2013 298
1438 1989 1522 2023 pro·

174 2031 339 2076 priisque
361 2031 453 2066 Scal.
480 2032 724 2076 propriasque
746 2035 770 2066 0
868 2037 927 2065 300
953 2030 1036 2074 quis
1056 2029 1150 2065 Scal.
1177 2039 1270 2072 quos
1291 2031 1315 2061 0
1366 2037 1521 2071 quorum

175 2079 263 2125 Req.
290 2089 446 2123 quarum
467 2082 491 2112 0
540 2084 619 2123 post
644 2080 676 2113 h.
698 2091 728 2114 v.
754 2080 934 2124 sequitur:
974 2077 1020 2111 de
1052 2075 1359 2111 inclinationibus
1392 2072 1522 2109 mundi

175 2130 240 2160 MG
265 2127 320 2171 (in
344 2138 389 2160 m.
409 2125 448 2169 L)
520 2133 580 2160 303
606 2125 766 2162 statione
787 2127 905 2161 Bentl.
980 2131 1039 2158 304
1065 2134 1151 2157 nani
1178 2133 1253 2167 qua
1272 2123 1391 2157 Bentl.
1418 2132 1522 2155 num-

177 2184 288 2218 quam
309 2177 333 2207 0
382 2173 504 2208 Frixei
525 2177 552 2207 G
643 2180 701 2207 306
726 2173 779 2208 ibi
801 2173 919 2208 Bentl.
948 2171 1019 2206 sibi
1040 2175 1064 2205 0
1162 2177 1221 2204 809
1247 2169 1303 2204 illi
1323 2172 1383 2203 ML
1410 2168 1477 2202 illa.
1497 2171 1524 2201 G

223 2221 429 2266 iunguntur
448 2222 535 2266 Κεφ
561 2220 763 2266 iungentur
782 2224 817 2254 M
841 2220 1045 2265 iungantur
1063 2222 1120 2252 LG
1236 2224 1292 2251 812
1318 2216 1383 2251 sed
1403 2215 1523 2251 Bentl.

177 2279 243 2303 nec
264 2272 287 2302 0
314 2270 353 2302 et
371 2269 470 2303 Ellis
537 2279 633 2303 anno
655 2269 775 2303 Bentz.
802 2278 891 2302 aevo
913 2271 937 2302 0
1058 2273 1115 2299 818
1142 2264 1358 2310 autumnus]
1385 2263 1524 2298 acumi-

177 2315 237 2350 nis
255 2319 290 2349 M
315 2316 503 2350 autumnis
525 2316 569 2349 G¹
677 2322 733 2349 815
759 2315 887 2361 refert]
914 2313 1050 2349 referet
1069 2313 1112 2346 Ι.1
1137 2323 1269 2356 resque
1295 2312 1333 2347 et
1351 2315 1387 2345 M
1435 2309 1521 2355 quo]

178 2363 279 2408 quod.
298 2364 362 2405 1.²;
389 2363 542 2398 decurat
561 2367 596 2397 M

1613 1059 1621 1264 ..ως-.-μ
1617 1023 1620 1047 -.
1615 994 1618 999 »
1617 949 1619 964 ᾼ
1618 930 1619 935 Α
