1627 2517
67 121 97 144 v,
121 113 306 144 581—636
464 108 654 143 MANILII
679 107 1023 143 ASTRONOMICA
1359 108 1414 148 23

70 217 282 283 serpentis
313 218 493 259 caudam
524 217 655 259 siccas
686 222 727 258 et
757 216 916 258 dividit
948 217 1119 265 Arctos,
1437 234 1490 259 610

70 283 113 318 et
139 277 242 331 iuga
271 277 503 318 Chelaium
531 276 673 317 medio
700 275 933 318 volitantia
960 291 1019 330 gy
1023 292 1068 317 ro

70 343 393 391 extremamque
413 350 558 377 secans
577 335 779 400 Hydram
800 335 1078 400 mediumque
1099 335 1176 376 sub
1196 334 1354 376 austris

72 395 338 437 Centaurum
368 395 544 436 adverso
573 395 789 436 concurrit
820 410 965 436 11115115
995 410 1041 436 111
1071 410 1150 436 axe

72 462 114 496 et
136 453 284 496 redit
272 469 319 495 1n
341 455 506 496 caelum
530 469 841 509 squamosaque
865 461 928 496 tel
932 469 1036 508 gora
1059 454 1155 496 Ceti

73 513 367 568 Lanigerique
402 520 523 555 notat
556 513 672 554 fines
707 514 957 568 clarumque
993 513 1235 567 Trigonum
1439 530 1490 555 615

71 573 462 628 Andromedaeque
489 573 610 614 sinus
636 572 760 622 imos,
789 572 973 627 vestigia
1002 573 1153 614 matris

71 632 426 687 principiumque
449 647 574 674 suum
596 632 781 687 repetito
803 633 977 674 cardine
1000 632 1177 674 claudit.

73 692 182 733 alter
210 691 256 732 in
283 692 396 734 hunc
424 692 617 733 medium
645 707 947 747 summumque
976 691 1191 733 incumbit
1217 691 1263 732 in
1291 706 1416 733 axem

73 766 235 806 perque
257 751 385 806 pedes
407 752 571 806 primos
594 751 800 793 cervicem
825 752 983 793 transit
1006 757 1047 793 et
1069 751 1217 800 Ursae,

71 825 202 865 quam
229 817 391 865 septem
419 811 567 852 stellae
594 811 781 865 primam
808 811 895 851 iam
923 811 1009 852 sole
1033 817 1197 851 remoto
1443 826 1494 850 ⁶220

73 869 317 924 producunt
344 869 496 923 nigrae
522 869 799 924 praebentem
827 869 996 911 lumina
1023 869 1153 919 noeti,

75 935 116 970 et
139 928 342 970 Geminis
365 929 579 970 Cancrum
604 929 774 970 dirimit
800 928 1067 994 stiingitque
1088 929 1357 982 flagrantem

73 1002 143 1028 ore
172 987 334 1029 Canem
364 987 618 1043 clavumque
649 988 790 1038 Ratis,
822 1003 930 1042 quae
961 988 1123 1030 vicerat
1151 1003 1321 1043 aequor.

77 1046 178 1087 inde
208 1062 331 1088 axem
362 1047 577 1088 occultum
607 1062 681 1101 per
711 1047 811 1101 gyri
842 1047 969 1101 signa
997 1046 1155 1101 prioris

76 1111 317 1147 transversa
343 1112 472 1160 atque
495 1106 574 1148 illo
599 1122 745 1148 rursus
768 1107 822 1147 de
843 1106 988 1148 11111115
1013 1106 1159 1159 tangit
1444 1123 1495 1149 625

77 1171 132 1214 te,
162 1165 437 1220 Capricorne‚
466 1165 639 1219 tuisque
666 1166 880 1220 Aquilam
907 1166 1110 1219 designat
1138 1166 1190 1207 ab
1218 1166 1358 1217 astris,

77 1239 237 1279 perque
266 1225 427 1278 Lyram
454 1224 670 1266 inversam
697 1240 869 1266 currens
897 1225 1120 1280 spirasque
1147 1225 1360 1267 Draconis

77 1283 315 1337 posteriora
338 1284 498 1338 pedum
522 1283 772 1338 Cynosurae
796 1284 1003 1339 prae-terit
1029 1292 1142 1326 astra

78 1349 450 1398 transversamque
477 1350 589 1384 secat
615 1343 758 1385 vicino
785 1343 959 1385 cardine
985 1344 1180 1385 caudam.

78 1401 148 1442 hic
174 1401 333 1443 iterum
359 1402 445 1443 coit
471 1402 563 1457 ipse
591 1402 675 1444 sibi
701 1418 877 1453 memor,
905 1403 1019 1444 unde
1045 1404 1277 1458 profectus.
1446 1421 1496 1445 630

139 1467 268 1516 atque
298 1461 373 1503 hos
403 1468 574 1503 aeterna
605 1462 805 1503 fixerunt.
836 1469 1029 1517 tempora
1061 1463 1157 1504 sede

79 1520 274 1562 immotis
302 1535 378 1575 per
405 1521 531 1575 signa
559 1521 699 1562 modis
727 1522 911 1563 statione
940 1523 1132 1576 perenni.

81 1579 156 1621 hos
179 1580 366 1625 volucris
385 1581 526 1621 fecere
550 1581 679 1629 duos:
711 1596 897 1636 namque
921 1582 1030 1622 alter
1052 1581 1104 1622 ab
1129 1582 1223 1635 ipsa

80 1653 340 1693 consurgens
373 1639 753 1690 Helice-medium
787 1640 999 1695 praecidit
1033 1640 1272 1695 Olympum

79 1698 374 1753 discernitque
407 1699 522 1740 diem
555 1706 807 1754 sextamque
841 1699 1061 1741 examinat
1095 1700 1243 1741 horam
1446 1715 1497 1741 635

82 1763 123 1798 et
150 1757 328 1811 paribus
355 1758 510 1812 spatiis
537 1773 707 1800 occasus
733 1758 869 1800 cernit
898 1766 938 1800 et
966 1766 1098 1800 ortus.

137 1857 197 1883 635
223 1851 359 1884 Luca-n.
374 1851 458 1884 VIII
477 1855 562 1885 467:
593 1851 719 1885 ‘Libra
743 1832 1068 1895 paresvexa-minat
1092 1853 1216 1886 horas'

139 1941 193 1968 611
212 1939 297 1978 post
315 1934 348 1969 h.
369 1946 400 1969 v.
419 1939 622 1979 sequuntur
641 1938 834 1970 530—565
856 1938 880 1968 Ο
956 1942 1011 1969 612
1039 1936 1183 1981 secans]
1205 1928 1330 1969 sei-ans
1351 1938 1384 1967 M

81 1981 216 2016 austris
242 1985 268 2014 F
294 1981 405 2016 astris
432 1985 456 2015 O
553 1989 610 2015 614
636 1982 776 2016 caelum
799 1985 835 2015 M
860 1985 1007 2017 caetum
1026 1986 1083 2017 LG
1143 1982 1431 2026 squamosaque]

80 2029 119 2063 in
145 2039 220 2072 qua
244 2039 423 2073 mosaque
442 2032 478 2062 M
527 2029 622 2075 Ceti]
645 2028 743 2064 caeti
763 2033 791 2063 G
817 2030 913 2065 coeti
933 2033 995 2063 ML
1092 2037 1149 2064 616
1174 2029 1334 2073 vestigia
1354 2029 1433 2061 ΜΙ,2

81 2076 237 2120 fastigia
260 2076 336 2111 L¹G
454 2083 511 2110 619
537 2076 674 2111 transit
700 2077 752 2122 et]
784 2079 914 2121 peetus
940 2078 993 2110 Ml
1113 2084 1168 2111 621
1194 2077 1350 2121 lumina]
1377 2076 1434 2109 lu-

82 2123 187 2157 milia
211 2126 247 2156 M
388 2130 447 2157 622
473 2123 623 2168 stringit
649 2125 879 2169 fragrantem
905 2128 940 2158 M
1084 2132 1142 2158 623
1169 2135 1301 2158 canum
1329 2126 1363 2155 M

81 2177 141 2204 625
167 2170 326 2205 dilimite
353 2175 388 2204 M
506 2177 563 2204 627
592 2182 816 2215 currensque
841 2172 959 2216 spiras
986 2172 1039 2205 Μ1
1159 2178 1217 2205 625
1243 2170 1431 2215 praeterit]

82 2217 237 2262 preterit
255 2221 290 2251 M
313 2218 470 2262 porterit
488 2222 544 2252 LG
639 2226 699 2252 630
723 2220 835 2264 1111115]
862 2220 949 2254 inde
969 2223 1004 2252 M
1048 2224 1132 2263 post
1149 2220 1182 2253 h.
1206 2230 1250 2252 a:
1280 2217 1325 2251 de
1345 2227 1434 2251 ana-

81 2265 280 2300 bibazonte
300 2267 337 2299 et
355 2266 547 2300 horizonte
566 2270 631 2308 LG,
660 2267 752 2300 nihil
770 2268 812 2301 in
830 2270 866 2300 M
921 2274 977 2300 631
1004 2267 1070 2300 1105
1094 2266 1244 2300 Hozcsm.
1271 2264 1339 2298 hoe
1361 2267 1385 2297 Ο

82 2315 234 2347 aeterna
262 2341 268 2346 .
290 2340 297 2348 .
319 2341 326 2347 .
354 2313 441 2348 sede
466 2317 501 2345 M
526 2315 716 2348 aeternam
744 2342 750 2348 .
773 2343 779 2348 .
803 2342 810 2349 .
838 2314 963 2348 sedem
988 2318 1044 2347 LG
1176 2319 1234 2346 635
1261 2312 1433 2355 diemque

83 2363 226 2394 sextam
251 2360 468 2394 exhuminat
493 2364 528 2393 M
