1627 2517
42 108 75 130 v,
99 98 285 130 180—236
438 93 628 128 MANLLH
654 92 998 128 ASTRONOMICA
1338 93 1389 133 81

43 203 333 246 fundamenta
356 209 490 244 ruunt
513 200 634 252 artis,
659 216 736 242 nec
760 208 964 243 consonat
988 197 1106 250 ordo,

45 262 297 304 cardinibus
322 262 528 317 quoniam
554 261 694 310 falsis,
725 261 800 315 qui
827 267 977 302 cuncta
1007 260 1264 315 gubernant,

46 321 258 363 mentitur
278 321 439 362 faciem
461 320 662 369 mundus,
685 334 760 361 nec
784 326 952 361 constat
975 319 1111 373 origo,

45 380 251 435 flexaque
281 386 497 422 momento
526 379 753 421 variantur
782 379 922 420 sidera
953 378 1122 433 templi.
1417 397 1467 421 210

46 440 120 481 sed
141 446 303 494 quanta
323 439 490 480 effectu
511 453 577 480 res
599 444 674 488 est,
698 445 788 480 tam
808 438 935 493 plena
957 437 1117 479 laboris

46 499 244 541 cursibus
276 497 462 541 aeternis
494 498 705 540 mundum
737 513 814 552 per
848 498 973 551 signa
1008 497 1239 547 volantem,

48 564 96 600 ut
118 564 258 600 totum
279 558 436 599 lustret
457 558 647 599 curvatis
670 556 852 599 arcubus
875 557 1034 606 orbern,

46 617 289 672 exprimere
310 623 352 659 et
370 617 516 658 vultus
538 616 630 658 eius
651 632 903 671 componere
922 623 1059 657 certos

47 691 96 718 ac
125 683 272 718 tantae
301 676 430 718 molis
459 676 694 718 minimum
724 676 988 730 deprendere
1018 681 1242 730 punctum,
1418 693 1468 718 215

47 751 156 790 quae
180 751 279 790 pars
302 742 500 777 exortum
524 735 591 777 vel
616 750 724 791 quae
747 735 935 789 fastigia
957 734 1110 776 mundi

50 802 125 836 aut
146 801 257 837 terat
280 809 450 837 occasus
473 802 548 836 aut
570 795 660 836 imo
681 794 839 836 sederit
863 795 975 836 orbe.

50 869 126 894 nec
152 869 220 895 me
248 854 450 908 vulgatae
478 853 662 895 rationis
690 854 897 908 praeterit
924 854 1042 903 ordo,

48 928 158 967 quae
188 912 313 954 binas
342 912 502 954 tribuit
532 911 671 967 signis
701 912 943 954 orientibus
974 913 1098 954 horas

49 979 89 1013 et
112 971 291 1026 paribus
314 972 470 1027 spatiis
493 972 693 1027 aequalia
716 972 880 1026 digerit
904 978 1033 1021 astra,
1419 990 1470 1014 220

49 1037 96 1073 ut
120 1037 243 1086 parte
267 1046 319 1073 ex
344 1032 436 1081 illa,
464 1046 549 1086 qua
575 1031 741 1073 Phoebi
765 1031 952 1086 coeperit
978 1030 1108 1081 orbis,

50 1090 243 1132 discedat
270 1105 473 1133 numerus
496 1106 797 1145 summamque
824 1091 1114 1132 accommodet
1135 1091 1276 1135 astris,

48 1149 182 1191 donec
203 1149 428 1204 perveniat
448 1149 665 1191 nascentis
687 1156 858 1204 tempus
881 1150 935 1191 ad
957 1149 1115 1204 ipsum,

49 1214 179 1263 atque
204 1208 280 1250 ubi
304 1208 565 1258 substiterit,
592 1208 768 1262 signum
793 1209 964 1250 dicatur
990 1208 1108 1250 oriri.

49 1268 123 1309 sed
145 1268 258 1309 iacet
280 1267 456 1322 obliquo
480 1268 705 1322 signorum
730 1264 916 1310 circulus
940 1268 1054 1318 orbe,
1420 1286 1470 1310 *225

49 1332 179 1382 atque
200 1327 288 1368 alia
306 1326 491 1369 inflexis
512 1327 713 1369 oriuntur
736 1328 876 1369 sidera
898 1327 1117 1377 membris,

49 1392 116 1428 ast
141 1385 234 1428 illis
258 1386 402 1440 magis
427 1393 490 1428 est
516 1393 657 1428 rectus
683 1386 964 1441 surgentibus
990 1387 1106 1436 ordo,

50 1451 100 1487 ut
124 1445 304 1500 propius
329 1444 454 1488 nobis
481 1446 659 1501 aliquod
686 1446 754 1487 vel
778 1445 955 1500 longius
981 1452 1144 1488 astrum
1172 1453 1248 1487 est.

50 1503 124 1546 vix
149 1504 260 1547 finit
284 1505 400 1547 luces
426 1505 603 1555 Cancer,
631 1505 704 1547 vix
731 1505 884 1547 bruma
909 1506 1101 1556 reducit;

49 1578 181 1618 quam
206 1563 348 1606 brevis
372 1563 451 1606 illa
476 1564 601 1615 iacet,
629 1571 719 1606 tam
744 1565 902 1618 longus
926 1564 1113 1606 circulus
1140 1564 1207 1605 hic
1232 1570 1308 1606 est.
1420 1582 1471 1606 2³0

51 1623 185 1665 Libra
206 1623 423 1678 Ariesque
444 1639 592 1678 parem
615 1625 802 1666 reddunt
825 1630 1079 1678 noctemque
1101 1623 1325 1678 die1nque;

51 1681 113 1723 sic
136 1681 280 1723 media
303 1682 509 1724 extremis
532 1689 732 1737 pugnant
758 1690 852 1725 extr
856 1698 1034 1738 emaque
1057 1682 1253 1725 summis.

51 1755 127 1781 nec
152 1747 361 1783 nocturna
386 1741 531 1783 minus
555 1742 727 1784 variant
753 1757 883 1797 quam
909 1749 1105 1797 tempora
1127 1742 1251 1792 lucis,

52 1800 125 1841 sed
143 1805 314 1841 tantum
332 1801 523 1842 adversis
539 1800 654 1842 idem
673 1808 759 1843 stat
777 1801 997 1843 mensibus
1013 1802 1128 1843 ordo.

51 1858 99 1899 in
121 1866 210 1900 tam
230 1858 441 1901 dissimili
464 1860 606 1914 spatio
629 1860 847 1915 variisque
869 1861 1039 1902 dierum
1421 1877 1471 1902 235

50 1918 388 1973 umbrarumque
413 1918 554 1960 modis
578 1919 676 1974 quis
700 1919 836 1974 possit
861 1920 1030 1962 credere
1055 1920 1102 1962 in
1127 1936 1251 1962 auras

108 2017 167 2044 208
192 2011 257 2055 qui
277 2012 364 2057 Rey.
392 2023 464 2056 que
483 2015 519 2046 M
544 2023 640 2056 quae
660 2016 717 2046 LG
795 2020 852 2047 210
877 2016 1062 2048 memento
1082 2017 1118 2047 M
1192 2020 1248 2047 218
1273 2015 1316 2047 ut
1335 2016 1401 2046 ΜΘ

50 2059 89 2092 et
106 2061 132 2091 L
252 2065 309 2092 214
335 2059 540 2104 exprimere
567 2061 604 2094 et
623 2061 712 2106 Rey.
746 2060 929 2104 exprimet
955 2062 993 2095 et
1013 2064 1037 2094 0
1160 2067 1216 2094 215
1244 2060 1398 2104 depren-

50 2104 136 2139 dere
155 2108 216 2138 m.
244 2107 487 2150 compendere
508 2110 536 2140 G
625 2114 679 2141 217
708 2108 773 2141 aut
791 2109 888 2142 terat
909 2109 1091 2153 Pinqreus
1117 2108 1262 2142 auferat
1284 2110 1307 2140 Ο
1335 2109 1400 2141 aut

48 2151 146 2186 ferat
165 2152 254 2197 Rey.
305 2153 393 2188 orbe
412 2155 501 2200 Rey.
527 2154 654 2190 orbem
675 2158 699 2188 0
725 2155 841 2189 imum
868 2154 1056 2190 obsederit
1083 2155 1207 2190 orbem
1229 2155 1349 2189 Bentl.

48 2205 104 2233 219
130 2199 392 2234 orientibusu
356 2201 665 2246 Msurgentibus
684 2205 742 2236 LG
885 2209 943 2236 220
970 2202 1107 2247 digerit
1125 2205 1168 2248 V2
1208 2201 1353 2246 degerit
1374 2204 1398 2234 0

96 2253 154 2280 225
180 2247 306 2282 orbem
325 2251 361 2281 M
497 2255 556 2282 228
580 2249 733 2294 propius
753 2249 798 2283 L2
822 2249 1039 2294 propriusL
1014 2250 1094 2283 Lm
1192 2248 1345 2292 aliquod
1364 2251 1399 2282 M

0 2330 1 2336 ¹
50 2292 194 2338 aliquid
213 2298 271 2329 LG
351 2302 409 2329 229
433 2295 529 2341 finit]
556 2298 643 2331 sunt
662 2300 697 2330 M
745 2295 846 2331 luces
873 2308 939 2332 om.
960 2300 995 2330 M
1074 2303 1133 2330 230
1160 2295 1298 2331 circula
1316 2298 1352 2330 Μ

0 2346 1 2378 j
51 2346 110 2374 285
135 2340 326 2376 dissimilis
346 2342 390 2375 L¹
485 2350 544 2377 286
568 2344 703 2390 possit]
730 2344 778 2378 sit
795 2348 821 2378 L
871 2344 997 2389 auras]
1025 2344 1133 2378 horas
1153 2344 1220 2378 Br.

121 2406 244 2432 Manilii
258 2407 469 2433 Astronomica
488 2408 532 2433 ed.
552 2417 572 2433 v
581 2416 597 2434 a
606 2417 625 2433 n
642 2410 699 2434 VVa
708 2417 727 2441 g
735 2417 749 2434 e
758 2417 778 2434 n
786 2409 796 2434 ἰ
805 2417 825 2434 n
834 2417 874 2441 ge
882 2417 903 2434 n
1167 2406 1186 2436 6
