1627 2517
101 202 150 226 140

101 492 150 516 1-15

102 786 151 810 150

101 1083 152 1107 155

106 1377 154 1401 1230

106 1666 155 1689 155

171 74 196 114 6
567 74 755 108 MANILH
781 74 1123 110 AS'I'RONOMICA
1409 78 1481 111 Lib
1506 78 1520 112 Ι

172 181 283 223 ultra
315 197 356 222 se
383 181 626 236 quicquam.
655 198 751 223 cum
778 199 851 237 per
879 198 921 224 se
949 193 1100 225 cuncta
1129 193 1336 234 creentur,

170 240 341 295 frigida
374 256 448 282 nec
480 241 633 282 calidis
665 242 820 291 desint,
853 249 928 284 aut
961 243 1107 284 umida
1141 243 1275 287 siccis.

172 299 354 354 spiritus
381 308 455 341 aut
482 300 646 350 solidis,
673 301 816 356 sitque
842 301 944 343 haec
970 302 1183 344 discordia
1210 318 1393 345 concors.

172 373 281 413 quae
306 374 441 400 nexus
467 359 627 400 habilis
653 367 693 401 et
720 375 825 414 opus
852 361 1098 414 generabile
1122 361 1276 416 fingit,

172 424 302 472 atque
329 418 469 459 omnis
495 426 645 473 partus
672 419 881 461 elementa
911 420 1083 474 capacia
1114 421 1279 462 reddit:
1317 445 1368 449 —

173 491 340 531 semper
369 476 450 518 erit
480 492 614 531 genus
643 477 689 519 in
717 493 878 532 pugna,
909 479 1175 534 dubiumque
1203 480 1394 522 manebit

173 536 286 589 quod
311 536 416 577 latet
442 543 483 577 et
508 543 679 578 tantum
704 552 830 591 supra
857 546 920 579 est
944 538 1247 593 hominemque
1271 540 1506 594 deumque3

170 594 243 635 sed
275 593 408 636 facies
436 610 728 650 quaecumque
759 606 902 638 tamen
929 597 1007 639 sub
1039 598 1207 652 origine
1239 614 1395 640 rerum,

172 654 372 695 convenit
397 662 435 695 et
462 660 575 696 certo
598 655 819 708 digestum
845 662 907 697 est
932 656 1081 698 ordine
1104 672 1269 712 eorpus.

234 712 352 766 ignis
380 713 427 754 in
455 713 668 755 aetherias
696 714 865 756 volucer
893 730 935 756 se
964 716 1140 757 sustulit
1170 731 1263 757 oras

173 785 426 826 summaque
449 772 697 827 complexus
720 773 935 815 stellantis
958 774 1146 816 culmina
1171 775 1276 816 caeli

171 830 455 872 flammarum
488 831 600 873 vallo
631 838 810 873 naturae
841 833 1011 874 moenia
1042 834 1163 875 fecit.

173 889 398 943 proximus
427 890 474 930 in
504 891 646 932 tenuis
675 891 895 933 descendit
925 892 1104 947 spiritus
1134 907 1259 934 auras

172 963 355 1003 aeraque
384 949 581 990 extendit
607 950 800 991 medium
827 966 902 1005 per
928 951 1075 992 inania
1106 953 1280 994 mundi:

173 1006 322 1061 ignem
343 1008 481 1049 flatus
503 1008 582 1049 alit
606 1008 760 1050 vicinis
782 1009 980 1051 subditus
1003 1010 1143 1051 astris.

175 1066 307 1107 tertia
337 1082 424 1108 sors
455 1067 592 1108 undas
623 1067 775 1109 stravit
806 1068 1056 1123 fluctusque
1088 1070 1280 1111 natantis

177 1139 358 1179 aequora
387 1141 462 1180 per
485 1126 606 1168 fudit
634 1134 723 1168 toto
748 1127 969 1169 nascentia
996 1136 1140 1182 ponto,

176 1191 223 1225 ut
244 1184 388 1239 liquor
409 1185 581 1226 exhalet
602 1186 745 1227 tenuis
766 1194 895 1241 atque
917 1196 1083 1228 evomat
1105 1203 1229 1229 auras

175 1257 357 1297 aeraque
387 1259 437 1284 ex
466 1244 560 1298 ipso
586 1244 813 1286 dueentem
843 1245 1007 1287 semina
1035 1256 1194 1300 pascat.

175 1301 332 1342 ultima
365 1302 557 1343 subsedit
591 1303 829 1356 glomerato
862 1304 1048 1358 pondere
1081 1306 1221 1347 tellus.

175 1361 458 1415 convenitque
481 1361 603 1415 vagis
623 1362 865 1416 permixtus
886 1363 1017 1404 limus
1040 1364 1208 1405 harenis

176 1419 391 1474 paulatim
425 1420 477 1461 ad
511 1435 726 1462 summum
759 1421 878 1462 tenui
911 1422 1111 1475 fugiente
1144 1422 1333 1477 liquore:

177 1492 345 1532 quoque
375 1479 515 1532 magis
545 1494 672 1533 puras
702 1495 822 1521 umor
851 1481 1021 1522 secessit
1050 1481 1096 1522 in
1124 1497 1262 1523 auras.

176 1544 217 1578 et
245 1537 401 1578 siccata
433 1538 572 1591 magis
601 1546 849 1580 struxerunt
879 1555 1062 1594 aequora
1092 1549 1264 1589 terram,

174 1595 450 1650 adiaeuitque
484 1597 599 1638 cavis
633 1597 827 1639 fluidum
862 1598 1128 1640 convallibus
1163 1615 1332 1654 aequor.

179 1669 384 1695 emersere
416 1655 544 1697 fretis
575 1662 753 1706 montes,
787 1656 985 1711 orbisque
1017 1673 1090 1712 per
1124 1659 1258 1700 undas

179 1713 346 1755 exsiliit
382 1723 500 1755 vasto
533 1715 701 1756 clausus
735 1722 878 1757 tamen
913 1716 1102 1770 undique
1138 1727 1280 1771 ponto.

233 1860 290 1887 140
317 1860 488 1889 creentur
512 1857 556 1887 L*
583 1859 753 1889 crea-ntur
776 1856 888 1890 L¹MG
992 1864 1044 1890 141
1070 1859 1150 1902 nec]
1178 1869 1224 1892 ne
1244 1862 1271 1892 G
1327 1858 1453 1893 umida
1472 1859 1523 1892 Μ’

175 1900 330 1935 humida
356 1901 465 1935 M²LG
587 1909 642 1935 142
670 1914 818 1937 consors
843 1904 887 1936 L¹
986 1910 1042 1937 143
1068 1915 1163 1948 quae
1191 1905 1283 1940 Seal.
1310 1916 1418 1949 quem
1448 1909 1471 1940 0

175 1947 312 1982 habilis
339 1948 450 1982 M¹LG
481 1948 608 1983 labilis
635 1950 688 1982 M²
856 1958 912 1984 144
946 1952 1100 1996 capacia
1126 1952 1220 1987 Scal.
1252 1953 1401 1997 rapacia
1428 1956 1452 1986 0

176 2001 232 2028 146
263 1996 423 2040 tantum]
458 1998 608 2040 caprum
635 1998 735 2031 Huet
814 1998 1075 2042 hominemque
1101 2003 1158 2032 LG
1197 1999 1464 2043 hominumque
1490 2004 1524 2033 M

175 2043 275 2077 Huet
342 2042 524 2086 deumque
543 2047 600 2077 LG
626 2044 800 2087 diumque
827 2048 861 2078 M
957 2052 1011 2079 141
1039 2045 1134 2080 facie
1160 2056 1392 2091 quacumque
1420 2048 1523 2083 Brei-

175 2094 227 2124 ter
262 2089 375 2124 facies
410 2101 642 2134 quacumque
673 2091 767 2126 Seal.
885 2098 970 2137 post
1002 2103 1124 2127 rerum
1157 2095 1286 2138 interp.
1315 2095 1429 2129 Jacob

175 2144 230 2170 149
256 2147 338 2171 oras
365 2138 485 2172 Bentl.
513 2148 621 2172 auras
649 2142 672 2171 0
841 2146 896 2173 155
922 2139 1129 2185 fluctusque
1156 2145 1183 2174 G
1208 2141 1390 2185 flatusque
1417 2145 1476 2175 m.

176 2191 230 2217 156
257 2194 417 2228 aequora
442 2184 517 2218 L²G
542 2195 700 2228 aequore
722 2186 799 2218 ΜΗ
868 2187 1059 2231 perfundit
1084 2188 1135 2220 ΠΙ
1232 2195 1287 2222 158
1314 2199 1474 2233 aeraque
1499 2193 1525 2222 F

176 2241 355 2275 aei-aeque
379 2236 404 2265 L
431 2242 588 2276 aereque
615 2235 679 2266 HG
760 2240 816 2266 160
843 2234 991 2269 harenis
1018 2238 1045 2268 G
1071 2234 1192 2270 arenis
1220 2239 1279 2268 ML
1378 2243 1432 2269 1⁸2
1459 2246 1524 2270 au-

175 2290 234 2311 ras
262 2279 381 2314 Bentl.
409 2279 528 2313 undas
557 2283 579 2312 Ο
689 2287 745 2313 163
771 2281 910 2315 siccata
934 2285 991 2315 LG
1017 2281 1133 2316 fetata
1159 2285 1193 2315 Μ
1261 2284 1474 2317 struxerunt
1500 2287 1524 2317 0

177 2325 405 2359 strinxerunt
431 2330 452 2358 c
549 2333 606 2360 166
632 2326 753 2361 exiliit
780 2331 804 2361 0
