1627 2517
180 96 262 131 XIV
721 97 990 132 PRAEFATIO

179 210 331 260 logicae
356 212 514 260 praesto
541 210 674 258 fuisse,
705 210 773 249 sed
797 212 839 248 in
865 211 937 248 hac
963 223 1004 248 re
1030 210 1312 260 perscrutanda
1336 224 1414 250 non
1440 212 1525 250 lon-

178 269 266 319 gius
293 281 521 319 progressus
548 272 617 308 est.
662 270 780 308 Forte
805 271 965 308 fortuna
990 271 1126 319 paucis
1154 270 1266 308 annis
1293 272 1384 308 ante
1411 284 1434 309 a
1459 271 1524 309 Fr.

181 327 392 366 Gumontio
409 323 441 381 ¹)
474 329 514 366 in
547 329 678 368 codice
710 329 954 379 Angelicano
980 328 1044 368 Gr.
1074 330 1127 367 29
1155 327 1202 381 (s.
1224 326 1337 381 XIV)
1364 330 1389 368 f.
1420 331 1525 369 120v

178 390 299 436 caput
330 389 534 426 inventum
568 391 638 436 est,
672 389 741 426 ubi
772 389 819 426 de
852 388 1046 427 sideribus
1078 389 1269 438 sphaerae
1294 389 1525 428 barbaricae

179 448 324 496 agitur,
357 446 483 496 deque
516 448 647 486 indole
672 448 875 487 hominum
903 449 971 497 qui
996 448 1067 485 sub
1093 448 1142 485 iis
1168 449 1252 486 nati
1278 450 1381 495 sunt,
1416 449 1524 498 quod

178 508 297 556 caput
323 518 346 543 a
367 506 496 544 Bollio
516 508 557 544 in
579 507 671 556 Sph.
691 521 728 557 p.
752 508 834 546 543
857 510 896 545 et
916 521 938 544 a
961 508 1002 545 Β.
1023 508 1069 545 A.
1090 507 1282 546 Muellero
1303 502 1369 559 (de
1389 507 1522 546 Ascle-

176 566 292 614 piade
317 566 521 615 Myrleano
553 580 590 616 p.
613 562 687 618 22)
720 567 871 604 editum
904 569 972 604 est.
1023 566 1227 605 Postrema
1261 567 1382 605 verba
1414 567 1525 605 illius

176 625 392 675 fragmenti
428 626 525 664 haec
563 627 673 664 sunt:
710 631 832 664 ταῦτα
871 622 913 663 δ’
946 623 1043 676 ἡμῖν
1080 624 1145 664 καὶ
1175 621 1466 676 Ἀσκληπιάδης
1502 623 1523 664 ὁ

178 683 415 735 Μυρλεανὸς
448 680 492 723 ἐν
525 691 570 738 τῇ
596 684 813 737 βαρβαρικῇ
841 684 990 739 σφαίρᾳ
1017 684 1220 735 δεδήλωκε.
1265 684 1363 724 Cum
1390 689 1523 724 autem

176 743 225 780 ab
240 743 474 793 Asclepiade
495 740 584 796 (qui
605 746 735 783 aetate
754 744 933 794 Pompeii
953 745 1031 782 fuit
1051 747 1090 782 et
1109 745 1249 783 studiis
1270 744 1350 782 suis
1365 745 1524 784 Arateis

176 803 366 852 pellectus
399 804 661 842 astronomiae
696 816 856 854 operam
882 816 1047 842 navasse
1073 799 1248 856 videtur)
1274 804 1363 853 plus
1389 804 1523 842 decem

177 861 306 900 sidera
331 862 389 900 ibi
414 864 706 911 enumerantur,
738 863 883 913 quibus
909 862 1126 901 orientibus
1153 863 1289 901 eadem
1314 865 1374 902 vis
1401 863 1450 901 ab
1477 876 1523 902 eo

175 921 382 970 tribuitur,
415 935 517 972 quae
549 935 573 960 a
596 922 762 960 Manilio
793 923 835 960 in
867 922 968 960 libro
995 922 1134 972 quinto
1161 917 1227 975 (cf.
1254 935 1289 960 v.
1314 923 1394 960 262
1406 918 1523 975 sqq),

175 993 255 1018 non
281 981 365 1019 sine
392 994 512 1020 causa
532 982 686 1020 Bollius
706 982 927 1031 suspicatus
948 984 1006 1019 est
1024 982 1271 1032 Myrleanum
1290 982 1331 1019 in
1353 983 1523 1021 fontium

174 1041 331 1078 Manilii
355 1053 517 1079 numero
543 1041 769 1079 habendum
795 1053 888 1080 esse.
919 1041 1128 1079 Praeterea
1154 1041 1259 1078 idem
1283 1041 1383 1079 liber
1408 1043 1522 1090 quin·

175 1102 239 1137 tus
265 1099 431 1149 Manilii,
462 1100 505 1138 in
537 1113 614 1150 quo
640 1100 888 1148 describitur,
919 1099 1015 1149 quid
1042 1100 1216 1138 efficiant
1241 1100 1370 1138 sidera
1396 1114 1522 1152 παρα-

174 1156 406 1197 νατέλλοντα
442 1172 522 1197 una
557 1173 642 1198 cum
679 1162 792 1209 parte
829 1159 1001 1209 quadam
1037 1159 1196 1197 Zodiaci
1233 1160 1524 1209 consurgentia,

173 1218 301 1255 multa
335 1218 458 1256 habet
482 1220 706 1257 communia
743 1232 831 1257 cum
862 1219 1003 1256 Teucri
1034 1218 1246 1268 Babylonii
1278 1219 1523 1269 fragmentis,

174 1289 275 1326 quae
302 1277 374 1314 sub
400 1279 558 1316 nomine
586 1275 731 1316 ‘textus
751 1278 914 1316 alterius
935 1275 1089 1315 Teucri’
1112 1291 1134 1315 a
1154 1278 1283 1316 Bollio
1303 1278 1410 1316 edita
1429 1280 1523 1316 sunt

173 1332 373 1389 (Sphaera
396 1350 434 1386 p.
456 1332 634 1389 3lsqq.).
686 1336 880 1381 Quoniam
918 1339 1049 1374 autem
1088 1337 1250 1384 Teucer,
1287 1337 1354 1385 qui
1392 1337 1521 1386 primo

174 1408 211 1444 p.
241 1394 328 1433 Chr.
355 1409 391 1433 n.
428 1397 586 1434 saeculo
618 1396 730 1443 vixit,
765 1396 965 1433 nonnullis
998 1395 1192 1433 sideribus
1219 1396 1408 1445 sphaerae
1435 1396 1523 1434 bar-

173 1454 330 1492 baricae
363 1455 498 1492 eadem
529 1456 690 1493 nomina
721 1454 831 1492 dedit
862 1456 981 1504 atque
1012 1454 1266 1504 Asclepiades
1294 1455 1521 1504 Myrleanus

174 1509 372 1566 (Sphaera
403 1527 439 1563 p.
463 1509 586 1566 545),
624 1516 929 1552 consentaneum
969 1516 1027 1552 est
1063 1514 1380 1563 similitudinem,
1420 1527 1520 1563 quae

173 1573 278 1610 inter
296 1573 504 1611 Manilium
524 1575 563 1611 et
583 1573 775 1611 Teucrum
800 1573 1022 1621 intercedit,
1047 1572 1104 1610 ita
1130 1573 1404 1622 explicandam
1424 1586 1519 1622 esse,

173 1634 219 1670 ut
243 1633 455 1682 utrumque
481 1645 526 1670 ex
553 1632 687 1670 eodem
712 1633 822 1670 fonte
846 1632 1022 1670 hausisse
1048 1634 1283 1670 statuamus.
1322 1632 1399 1671 Sed
1422 1633 1520 1671 haec

175 1693 356 1740 quaestio
381 1691 557 1729 nondum
584 1691 633 1729 ad
658 1692 774 1729 finem
800 1691 991 1741 perducta
1017 1694 1085 1729 est.

235 1749 379 1788 Scribit
403 1750 596 1789 Firmicus
621 1751 663 1788 in
688 1752 887 1799 prooemio
913 1750 1004 1789 libri
1030 1750 1140 1789 tertii
1165 1749 1190 1799 ξ
1212 1752 1254 1788 4:
1294 1747 1432 1800 ‘quare
1457 1751 1519 1789 illi

174 1809 299 1847 divini
333 1809 410 1847 viri
444 1812 562 1859 atque
597 1810 703 1847 omni
735 1809 996 1848 admiratione
1023 1810 1132 1860 digni
1158 1809 1396 1848 Petosiris
1422 1807 1518 1861 (et)

174 1869 438 1918 Nechepso,
473 1882 639 1918 quorum
675 1868 886 1918 prudentia
920 1869 971 1906 ad
1001 1870 1087 1919 ipsa
1119 1870 1269 1908 secreta
1295 1869 1518 1907 divinitatis

174 1929 350 1975 accessit,
377 1928 494 1965 etiam
523 1927 658 1965 mundi
685 1929 908 1978 genituram
934 1927 1068 1966 divino
1095 1928 1206 1966 nobis
1227 1929 1414 1966 scientiae
1435 1941 1516 1966 ma-

175 1987 338 2038 gisterio
365 1986 634 2035 tradiderunt,
666 1989 712 2024 ut
738 1987 989 2025 ostenderent
1014 1989 1132 2036 atque
1158 1990 1425 2026 monstrarent
1450 1988 1516 2026 ho-

173 2047 318 2084 minem
339 2045 388 2084 ad
409 2048 593 2084 naturam
613 2046 751 2083 mundi
772 2046 1149 2094 similitudinemque
1165 2046 1377 2084 formatum
1391 2046 1517 2084 isdem

173 2105 392 2155 principiis,
418 2104 559 2154 quibus
585 2106 668 2154 ipse
695 2105 864 2142 mundus
884 2106 1038 2156 regitur
1059 2107 1098 2143 et
1117 2106 1353 2154 continetur,
1379 2119 1516 2155 peren-

173 2166 278 2203 niter
289 2165 570 2214 perpetuitatis
584 2164 799 2201 sustentari
813 2161 1047 2202 fomitibus’.
1067 2163 1233 2202 Constat
1243 2164 1357 2203 hodie
1369 2166 1518 2215 scripta

172 2225 244 2262 illa
270 2223 340 2262 sub
366 2223 523 2261 nomine
544 2223 580 2260 N
583 2223 808 2272 echepsonis
830 2224 869 2259 et
888 2222 1117 2261 Petosiridis
1143 2223 1319 2279 vulgata,
1345 2224 1393 2261 ab
1415 2226 1515 2262 anti-

234 2349 267 2393 1)
293 2347 371 2383 Cat.
398 2347 501 2383 codd.
530 2349 614 2382 astr.
644 2347 703 2383 Gr.
726 2347 758 2382 V
779 2352 809 2382 1.
835 2359 869 2391 p.
893 2351 969 2383 188.
