1627 2517
98 183 151 209 865

99 478 152 504 870

100 774 152 800 875

100 1071 154 1096 880

102 1365 155 1391 885

103 1662 157 1688 890

174 55 258 96 134
568 54 756 88 MANILII
783 52 1123 88 ASTRONOMICA
1368 52 1447 87 Lib.
1469 52 1521 86 IV

173 177 249 204 nec
279 161 441 204 similis
472 161 616 203 reddit
648 176 795 203 noxas.
837 161 952 203 locus
986 161 1131 202 omnia
1163 160 1306 202 vertit.

230 222 306 263 sed
329 221 435 276 quid
460 221 548 262 iam
573 220 693 262 tenui
716 220 889 276 prodest
915 220 1083 261 ratione
1105 220 1318 261 nitentem

173 281 359 323 serutari
387 281 613 331 mundum,
646 279 681 321 si
713 295 832 321 mens
861 295 936 321 sua
969 279 1123 334 cuique
1153 285 1368 334 repugnat

174 355 379 395 spemque
403 340 534 381 timor
558 339 676 380 tollit
700 339 987 394 prohibetque
1010 354 1033 380 a
1058 338 1212 380 limine
1234 338 1377 380 caeli?

174 399 323 441 condit
349 398 465 440 enim
495 398 704 453 quicquid
733 405 852 440 vasto
879 405 1035 440 natura
1065 413 1230 439 recessu

176 458 458 513 mortalisque
488 458 611 512 fugit
643 457 761 499 visus
793 464 833 499 et
866 464 1038 512 pectora
1072 464 1242 506 nostra3

174 533 250 559 nec
275 518 475 573 prodesse
503 524 658 572 potest,
687 517 802 572 quod
827 517 936 558 fatis
965 524 1119 558 cuncta
1145 523 1371 570 reguntur,

173 592 270 619 cum
290 577 435 619 fatum
457 577 579 618 nulla
602 577 737 631 possit
760 576 928 618 ratione
953 575 1104 617 videri.

175 637 282 691 quid
302 636 424 678 iuvat
445 636 491 677 in
513 642 646 677 semet
667 651 742 677 sua
765 651 841 690 per
861 635 1054 677 convicia
1074 635 1182 676 ferri

176 702 217 737 et
238 696 445 737 fraudare
470 695 608 744 bonis,
635 710 744 750 quae
768 710 843 736 nec
869 694 974 736 deus
996 694 1164 735 invidet
1187 693 1294 748 ipse,

176 770 366 810 quosque
390 754 513 796 dedit
537 761 694 796 natura
720 754 864 795 oculos
887 753 1098 808 deponere
1124 752 1318 794 mentis?

174 814 462 869 perspicimus
482 814 674 870 caelum;
706 828 780 854 cur
802 828 888 854 non
909 819 951 854 et
977 827 1155 854 munera
1175 811 1283 853 caeli
1303 812 1320 851 ?

175 873 307 928 inque
334 873 450 928 ipsos
478 873 653 928 penitus
681 871 834 914 mundi
861 872 1114 914 descendere
1143 886 1292 912 census

174 932 499 987 seminibusque
529 932 618 974 suis
648 938 815 973 tantam
846 946 1098 986 componere
1127 930 1284 972 molem

176 998 218 1034 et
242 998 417 1047 partum
445 991 553 1033 caeli
581 1006 658 1032 sua
683 1006 757 1046 per
785 990 977 1032 nutricia
1001 991 1116 1031 ferre

176 1058 503 1105 extremumque
531 1050 654 1106 sequi
683 1057 866 1105 pontum
895 1057 1117 1104 terraeque
1145 1048 1287 1090 subire

176 1110 406 1165 pendentis
431 1116 593 1152 tractus
618 1116 660 1151 et
686 1117 777 1150 toto
801 1109 943 1150 vivere
969 1109 1015 1149 in
1041 1109 1154 1157 orbe,

176 1176 338 1224 quanta
364 1176 406 1211 et
431 1184 531 1224 pars
557 1177 762 1224 superest,
790 1168 1002 1210 rationem
1029 1168 1180 1209 ducere
1207 1167 1355 1208 nostis.

177 1230 265 1270 iam
295 1243 509 1283 nusquam
541 1235 697 1270 natura
729 1228 859 1270 latet:
898 1227 1167 1282 pervidimus
1198 1241 1371 1268 omnem

176 1294 219 1330 et
250 1294 375 1342 capto
408 1288 603 1343 potimur
636 1287 798 1328 mundo
829 1295 1110 1340 nostrumque
1144 1292 1370 1340 parentem

177 1362 276 1401 pars
301 1362 376 1388 sua
402 1346 688 1401 perspicimus
715 1345 941 1400 genitique
965 1345 1207 1387 accedimus
1234 1344 1376 1385 astris.

177 1421 231 1447 an
254 1406 437 1448 dubium
463 1412 538 1456 cst,
565 1405 762 1447 habitare
785 1405 913 1447 deum
940 1404 1018 1446 sub
1040 1411 1210 1459 pectore
1232 1410 1379 1445 nostro

165 1465 225 1506 ·in
249 1466 501 1520 caelumque
527 1464 667 1506 redire
693 1464 861 1506 animas
886 1464 1088 1518 caeloque
1115 1462 1296 1504 venire?

178 1532 310 1580 utque
332 1525 391 1566 sit
413 1539 464 1566 ex
487 1522 606 1566 omni
628 1530 898 1565 constructus
922 1538 1096 1577 corpore
1116 1522 1304 1564 mundus

179 1584 365 1626 aetheris
391 1591 520 1639 atque
546 1583 666 1637 ignis
693 1582 852 1624 summi
878 1589 1102 1637 terraeque
1130 1582 1369 1636 marisque,

178 1643 361 1698 spiritus
379 1649 421 1685 et
440 1649 560 1684 motu
580 1642 747 1697 rapido,
768 1657 876 1696 quae
899 1641 1003 1690 visa,
1025 1641 1250 1695 gubernet,

235 1790 292 1816 8⁰5
318 1783 424 1817 noxis
444 1785 479 1815 Μ
525 1787 607 1827 post
632 1784 663 1818 71.
685 1795 732 1818 v.:
759 1782 922 1817 fatorum
948 1781 1130 1816 rationem
1156 1781 1317 1826 perspici
1342 1792 1449 1825 posse
1464 1785 1528 1816 HG

176 1830 360 1873 quomodo
394 1829 578 1873 possimus
614 1829 774 1865 fatorum
809 1830 992 1864 rationem
1026 1829 1278 1874 perspicereL
1316 1829 1370 1872 (in
1395 1830 1454 1873 m.)

175 1884 234 1910 868
260 1888 281 1911 a
305 1876 435 1911 limine
454 1877 547 1912 Scaz.
585 1889 604 1912 e
629 1877 759 1912 limine
777 1877 852 1911 L²G
886 1877 1026 1911 lumine
1045 1877 1126 1910 L¹M
1269 1882 1328 1909 869
1354 1876 1481 1910 condit
1500 1881 1528 1910 G

176 1923 345 1958 conditur
364 1927 424 1957 m.
484 1924 661 1968 quiequid
681 1929 707 1958 F
742 1924 832 1968 quid
852 1928 886 1957 Μ
921 1925 1020 1967 quod
1039 1928 1064 1957 L
1104 1923 1242 1968 sflquod
1264 1927 1291 1957 G
1388 1929 1446 1957 872
1473 1923 1527 1958 fa-

176 1974 256 2006 tum
276 1974 336 2004 m
364 1970 451 2005 fatis
472 1975 500 2005 G
590 1978 648 2005 873
675 1972 774 2015 quod
792 1972 837 2005 Ι.1
923 1978 981 2004 878
1003 1976 1085 2015 post
1103 1972 1135 2004 h.
1158 1982 1188 2004 υ.
1208 1972 1380 2005 lacunam
1399 1973 1528 2006 statuit

176 2019 355 2064 Rossbery
482 2025 538 2051 877
567 2030 695 2054 census
716 2023 750 2052 M
777 2029 926 2053 censum
946 2022 1003 2052 LG
1117 2024 1175 2051 879
1200 2017 1376 2063 nutricia]
1404 2018 1528 2053 victri-

176 2067 234 2100 cia
253 2066 305 2099 Μ]
331 2064 501 2100 uictricia
520 2065 572 2099 ΜΞ
679 2072 738 2099 880
765 2067 920 2111 pontum
940 2066 1060 2100 Bentz.
1087 2066 1235 2109 portum
1256 2069 1279 2099 0
1390 2071 1448 2100 882
1475 2066 1527 2112 et]

177 2125 220 2148 ex
243 2114 340 2149 Ellis
400 2112 532 2147 ducere
548 2114 612 2148 Br.
641 2113 851 2147 discerem
877 2113 1092 2147 discerneM
1141 2113 1258 2146 nostis
1274 2113 1339 2148 Br.
1366 2112 1485 2148 noctis
1502 2117 1526 2147 0

225 2160 365 2195 discere
385 2159 422 2194 in
444 2160 552 2194 astris
567 2162 687 2206 Posty.
772 2167 829 2194 889
856 2159 952 2194 aeris
973 2160 1092 2194 Bentl.
1145 2163 1338 2203 terraeque
1360 2164 1387 2194 G
1411 2161 1526 2194 terra-

177 2218 249 2251 que
269 2211 330 2241 m.
427 2213 488 2241 890
513 2207 664 2251 spiritus
684 2208 778 2243 Scal.
805 2207 978 2251 spiritum
999 2211 1022 2241 0
1086 2210 1123 2242 et
1148 2208 1250 2241 motu
1270 2207 1383 2243 Jacob
1409 2208 1447 2242 et
1473 2210 1527 2242 to-

176 2257 255 2290 tum
276 2258 310 2287 M
336 2255 373 2289 et
398 2256 476 2289 toto
496 2259 553 2288 LG
613 2255 689 2289 visa
708 2255 823 2290 Jacob
848 2255 950 2289 iussa
971 2258 994 2288 0
1057 2255 1240 2298 gubernet
1252 2254 1366 2290 Jacob
1392 2255 1529 2299 guber-

178 2303 269 2336 nent
288 2305 323 2335 M
348 2301 560 2346 gubernant
577 2306 634 2336 LG
