1627 2517
190 86 238 120 VI
738 84 1010 119 PRAEFATIO

187 198 271 247 ipse
304 196 477 235 codicem
502 197 542 233 in
570 196 808 235 bibliotheca
834 196 1116 235 Universitatis
1143 196 1420 248 Groninganae
1447 210 1535 236 con-

187 257 276 305 tuli,
307 255 375 295 sed
405 255 552 305 ubique
578 255 781 294 Thomasii
813 256 1062 306 diligentiam
1089 256 1328 307 singularem
1353 260 1536 307 expertus

188 317 229 354 et
253 315 473 354 admiratus
492 327 590 353 sum.
624 314 713 353 Iure
733 315 782 352 ab
802 327 848 353 eo
868 318 1027 364 praeter
1046 328 1205 353 manum
1224 317 1406 365 primam,
1432 329 1535 366 quae

186 375 326 413 titulos
361 377 399 413 et
430 385 575 423 paucas
609 374 797 413 lectiones
829 375 960 414 varias
991 374 1169 413 versibus
1204 375 1402 414 interiecit
1427 371 1535 428 (G2),

186 446 277 473 raro
312 433 454 471 menda
483 435 662 480 correxit,
696 436 775 472 tres
801 446 943 472 manus
971 435 1208 472 recentiores
1233 434 1536 484 distinguuntur

188 488 306 546 (saec.
326 492 411 541 XV,
436 492 541 541 XVI,
568 488 717 544 XVII),
750 506 795 530 ex
827 493 970 542 quibus
1003 506 1083 530 una
1110 493 1149 530 in
1176 494 1295 542 primi
1322 495 1408 532 folii
1434 507 1534 532 mar-

187 554 277 603 gine
310 564 491 601 supremo
523 551 677 590 addidit
708 552 828 590 verba
859 552 1013 591 Melius
1037 555 1171 600 poeta,
1210 553 1388 602 reliquae
1420 556 1535 592 notas

187 612 482 661 adscripserunt
506 613 626 661 atque
651 611 812 649 lacunas
839 612 1132 661 suppleverunt.

246 671 304 709 De
320 670 612 709 Gemblacensis
631 671 759 720 pretio
779 670 856 709 viri
876 671 1084 708 Maniliani
1102 672 1207 709 inter
1225 683 1266 709 se
1286 670 1536 719 dissentiunt,

186 730 246 769 ita
278 732 323 768 ut
358 729 574 768 Garrodius
591 725 622 781 l)
661 731 821 779 eiusque
860 743 997 769 censor
1031 729 1266 768 Kraemerus
1284 724 1316 783 2)
1354 729 1535 769 Gembla-

187 801 341 828 oensem
378 789 503 838 pluris
543 789 829 827 aestimandum
863 789 1059 839 Lipsiensi
1098 802 1266 838 eumque
1304 790 1452 839 passim
1491 802 1535 827 ex

185 849 296 887 fonte
322 849 498 899 puriore,
531 861 649 897 quam
675 848 915 898 archetypus
942 848 1119 887 codicum
1145 848 1362 897 Lipsiensis
1388 851 1427 887 et
1451 849 1534 887 Ma-

185 907 363 946 tritensis
382 907 513 956 fuerit,
538 907 714 946 hausisse
734 910 886 956 putent,
913 908 1141 946 Thielscher
1160 920 1252 946 vero
1273 910 1313 946 et
1332 908 1534 946 Traubeus

186 980 275 1005 eum
301 980 347 1005 ex
366 966 563 1016 Lipsiensi
588 979 670 1005 esse
691 967 945 1017 descriptum,
970 967 1089 1016 idque
1109 979 1132 1004 a
1151 968 1340 1016 prudenti
1359 967 1535 1015 librario,

186 1028 255 1076 qui
290 1039 414 1075 neque
448 1026 822 1074 interpolationibus
855 1039 982 1076 neque
1017 1026 1251 1064 coniecturis
1287 1026 1534 1073 abstinuerit,

185 1087 380 1124 censeant.
424 1085 511 1123 Etsi
543 1085 770 1124 Thielscher
800 1086 1043 1136 argumentis
1076 1086 1172 1123 satis
1203 1086 1326 1124 firmis
1358 1086 1439 1124 iam
1470 1085 1535 1124 de-

185 1144 424 1183 monstravit
438 1139 471 1194 3)
499 1143 820 1183 Gemblacensem
846 1157 928 1183 esse
955 1144 1172 1194 Lipsiensis
1200 1145 1472 1195 apographum
1486 1139 1534 1196 4),

185 1206 318 1241 tamen
339 1205 433 1252 quia
452 1203 568 1241 hodie
587 1204 720 1253 plures
741 1204 791 1242 ad
806 1203 1098 1242 Gemblacensis
1118 1205 1288 1252 pretium
1311 1203 1532 1254 augendum

185 1262 398 1309 inclinant,
432 1262 675 1300 Thielscheri
707 1265 942 1312 argumenta
973 1263 1069 1300 meis
1102 1263 1334 1301 confirmare
1364 1276 1443 1301 non
1474 1264 1533 1301 in-

185 1322 284 1359 utile
309 1321 453 1359 iudico.
504 1322 562 1359 Ex
595 1321 774 1360 omnibus
806 1322 921 1371 locis,
954 1321 1056 1360 unde
1089 1321 1192 1359 effici
1222 1324 1372 1371 potest,
1405 1322 1533 1371 qualis

185 1381 289 1419 inter
323 1386 354 1417 L
382 1382 421 1418 et
446 1383 486 1418 Gr
519 1381 767 1419 necessitudo
802 1380 939 1429 fuerit,
976 1381 1234 1432 gravissimus
1270 1383 1329 1419 est
1358 1381 1415 1419 IV
1436 1383 1533 1419 422.

185 1439 248 1477 Ibi
271 1442 318 1477 M
342 1442 446 1477 recte
472 1439 651 1488 praebet:

389 1523 615 1569 laudatique
639 1522 743 1561 cadet
759 1526 850 1570 post
867 1524 1037 1571 paulum
1059 1525 1190 1572 qratia
1210 1524 1331 1571 ponti.

188 1605 264 1643 Sed
289 1605 476 1643 librarius
503 1605 647 1643 codicis
672 1604 901 1655 Lipsiensis,
934 1606 1124 1644 vocabulo
1143 1607 1313 1653 paulum
1337 1606 1534 1655 inductus,

186 1664 344 1713 scripsit
369 1664 582 1702 dormiens:

310 1747 533 1795 laudatique
558 1747 662 1785 cadit
679 1750 769 1794 post
786 1749 956 1795 paulum
979 1750 1111 1795 ¹qratia
1140 1748 1284 1787 Christi
1310 1748 1414 1795 (κρῖ)

187 1829 327 1867 deinde
355 1829 455 1867 alius
481 1830 608 1868 locum
637 1831 806 1867 correxit
831 1842 949 1879 supra
970 1830 1172 1869 scribendo
1186 1832 1310 1878 ponti.
1342 1831 1444 1876 Quid
1464 1828 1533 1870 G?

188 1888 320 1927 Solam
346 1888 466 1926 habet
490 1889 697 1926 lectionem
721 1889 876 1936 Christi,
902 1890 1088 1938 quoniam
1115 1902 1160 1928 ex
1185 1893 1221 1927 L
1247 1891 1336 1927 ante
1363 1890 1532 1940 descrip-

186 1949 251 1985 tus
276 1949 347 1996 est,
373 1960 492 1996 quam
517 1949 644 1985 altera
670 1960 809 1986 manus
828 1948 930 1986 hanc
949 1949 1228 1987 correctionem
1251 1949 1416 1997 addidit,
1442 1962 1533 1987 nam

187 2008 396 2056 quominus
433 2007 507 2044 hoc
544 2007 686 2044 vitium
724 2007 804 2044 iam
842 2008 884 2044 in
917 2008 1131 2056 archetypo
1163 2008 1282 2046 fuisse
1315 2008 1533 2056 credamus,

249 2098 282 2140 1)
308 2096 450 2131 Garrod
475 2108 509 2141 p.
532 2096 657 2130 XXXI.

247 2146 283 2186 2)
310 2143 474 2185 Kramer‚
503 2143 643 2188 BphW.
669 2145 790 2188 (1913)
814 2155 872 2178 no.
895 2147 940 2178 30
968 2144 1028 2189 Sp.
1051 2147 1248 2179 933-936.

247 2193 281 2234 3)
309 2190 400 2225 Phil.
430 2190 502 2225 NF.
525 2190 589 2224 XX
615 2203 650 2235 p.
674 2194 750 2226 112.

246 2240 281 2282 4)
308 2237 360 2274 Cf.
393 2238 442 2273 IV
463 2242 548 2280 511,
575 2241 660 2280 659,
699 2238 830 2273 V101.
881 2238 958 2273 Hoc
996 2239 1254 2274 tantummodo
1292 2239 1406 2274 statui
1446 2239 1532 2274 licet

187 2284 489 2365 szblacensem
515 2285 693 2320 lemmata
713 2285 914 2330 sumpsisse
935 2297 978 2320 ex
1000 2286 1202 2331 archetypo
1222 2286 1314 2330 ipso,
1342 2287 1386 2321 cf.
1407 2286 1531 2322 Thiol-

186 2342 225 2366 sc
254 2343 292 2367 er
316 2332 339 2367 1.
360 2332 382 2366 1.
409 2345 444 2377 p.
468 2336 544 2367 114.
