1627 2517
193 78 243 112 IV
737 78 1010 114 PRAEFATIO

198 192 338 229 1—-82
365 192 602 229 interierunt
615 186 660 244 l),
693 194 732 229 et
762 204 833 241 pro
867 193 1073 243 sexaginta
1099 193 1206 230 foliis
1232 193 1543 244 undesexaginta

194 252 349 288 tantum
370 253 644 289 remanserunt
663 246 749 303 (fol.
770 247 945 304 1—59).
977 251 1066 300 Ipse
1087 254 1219 289 autern
1238 251 1394 290 Manilii
1412 255 1543 291 textus

195 312 361 359 occupat
386 311 453 348 fol.
477 311 646 359 1—54f,
683 322 761 359 qua
786 310 833 347 de
860 323 977 348 causa
1004 311 1136 349 ultimi
1161 312 1332 350 senionis
1361 312 1542 351 undecim

193 369 362 420 paginae
390 364 476 421 (fol.
498 365 730 422 54v—59v)
757 382 906 408 vacuae
928 372 1028 408 sunt.
1063 370 1251 421 Singulae
1271 372 1443 422 paginae
1462 373 1543 422 ple-

192 441 358 477 rumque
385 428 658 479 quadragenos
680 441 815 467 versus
836 430 1041 467 continent
1059 432 1217 479 praeter
1237 442 1314 477 eas,
1340 431 1381 468 in
1402 431 1543 480 quibus

192 487 302 525 tituli
329 488 391 526 vel
417 488 593 537 capitula
617 489 658 525 in
683 490 836 526 textum
861 489 1010 527 inserta
1035 491 1257 527 occurrunt.
1288 489 1464 528 Litterae
1485 490 1544 527 ni-

192 546 274 584 tide
307 548 490 585 exaratae
523 549 629 594 sunt,
663 547 731 585 sed
762 560 840 585 non
871 547 987 586 facile
1013 547 1234 598 distinguas
1259 549 1365 587 inter
1390 561 1416 586 u
1441 561 1479 586 m
1504 562 1543 587 η.

192 605 396 644 Librarius
421 618 509 644 cum
535 606 694 645 omnino
721 607 821 644 nihil
846 607 1097 658 intellegeret
1122 620 1259 645 eorum
1278 621 1380 657 quae
1400 608 1542 647 descri-

192 664 319 713 beret,
351 666 579 715 saepissime
611 665 804 705 vocabula
835 667 1042 716 archetypi
1067 667 1187 705 stulte
1214 666 1449 717 depravavit
1474 670 1546 706 aut

191 724 295 761 male
328 724 483 773 divisit,
515 726 585 774 qui
617 737 766 765 errores
798 738 876 763 non
908 738 1126 775 numquam
1158 726 1273 765 lineis
1305 727 1543 765 transversis

191 784 296 821 inter
327 784 482 822 litteras
514 784 644 822 ductis
676 784 822 823 sublati
855 787 964 833 sunt,
996 785 1064 823 sed
1093 785 1278 834 plurimis
1309 786 1407 824 locis
1433 798 1543 825 man-

193 845 338 881 serunt.
387 843 633 882 Matritensis
670 856 865 893 nusquam
897 844 1181 894 interpolatus,
1220 857 1312 883 raro
1345 847 1543 884 correctus

193 903 262 949 est,
290 915 428 940 verum
452 904 601 952 passim
621 903 662 941 in
682 904 875 954 margine,
900 903 975 941 etsi
994 916 1179 941 numerus
1199 916 1277 942 non
1298 904 1356 941 ita
1376 917 1543 955 magnus

193 964 264 1009 est,
301 962 400 1000 alias
431 962 596 1011 praebet
627 962 827 1010 lectiones,
865 963 1033 1000 fortasse
1066 962 1235 1011 additas,
1269 975 1360 1001 cum
1390 965 1471 1001 iam
1501 964 1544 1002 in

191 1020 311 1058 Italia
349 1021 469 1059 codex
506 1021 699 1060 lectorum
736 1021 917 1060 manibus
950 1024 1184 1060 versaretur.
1228 1021 1286 1059 Eo
1319 1022 1404 1071 ipso
1438 1022 1544 1072 quod

192 1079 519 1128 interpolationes
557 1080 716 1129 desunt,
755 1082 847 1118 ante
886 1081 984 1119 alios
1022 1081 1135 1119 nobis
1173 1081 1435 1120 consulendus
1474 1084 1543 1131 est,

192 1151 331 1177 verum
356 1151 589 1190 cognoscere
614 1140 739 1189 ipsius
760 1140 967 1189 archetypi
986 1140 1174 1178 lectiones
1194 1153 1288 1190 prae
1307 1141 1445 1179 multis
1464 1140 1544 1180 illis

193 1198 389 1236 erroribus
414 1199 526 1237 nobis
552 1212 631 1237 non
656 1199 804 1247 liceret,
829 1199 907 1237 nisi
932 1200 1057 1237 altero
1084 1200 1289 1249 archetypi
1315 1200 1544 1250 apographo

198 1256 484 1296 adiuvaremur.
518 1258 590 1296 Est
615 1252 735 1296 codex
760 1258 1028 1308 Lipsiensis
1058 1259 1169 1297 1465
1198 1255 1273 1311 (L)
1298 1259 1544 1297 membrana-

194 1329 301 1363 ceus,
334 1318 403 1365 qui
433 1316 621 1356 benevole
648 1317 696 1355 ab
723 1329 768 1356 eo
795 1317 864 1367 qui
888 1317 1152 1356 bibliothecae
1179 1317 1424 1356 academicae
1449 1318 1545 1368 Lip-

194 1376 312 1413 siensi
331 1378 499 1424 praeest,
520 1375 765 1427 Groningam
784 1378 941 1424 missus,
961 1376 1018 1414 ibi
1037 1390 1061 1415 a
1075 1389 1136 1414 me
1151 1379 1303 1415 aestate
1319 1378 1409 1415 anni
1430 1378 1541 1416 1913

193 1434 234 1472 in
264 1434 505 1473 bibliotheca
535 1436 808 1475 universitatis
839 1448 975 1474 rursus
1001 1436 1170 1475 collatus
1197 1438 1266 1475 est.
1310 1436 1387 1474 Hic
1413 1436 1544 1485 codex,

193 1494 290 1531 folia
320 1496 539 1544 nonaginta
570 1507 637 1533 sex
669 1496 892 1544 continens,
924 1507 1060 1534 versus
1087 1497 1219 1533 autem
1243 1496 1285 1533 in
1312 1496 1450 1544 quavis
1476 1508 1543 1544 pa-

193 1553 287 1603 gina
312 1555 479 1603 scriptos
506 1553 663 1592 vicenos
689 1556 841 1602 ternos,
874 1555 995 1604 vulgo
1023 1554 1169 1593 dicitur
1194 1554 1244 1592 ad
1269 1554 1468 1593 saeculum
1488 1555 1544 1593 XI

193 1613 405 1661 pertinere,
437 1613 506 1651 sed
537 1613 705 1652 fortasse
735 1615 817 1651 iam
849 1614 999 1652 decimo
1031 1613 1187 1652 saeculo
1220 1615 1402 1651 exaratus
1435 1608 1543 1666 est.²)

194 1670 319 1715 Quam
351 1671 523 1710 difficilis
554 1672 660 1710 lectu
691 1673 929 1722 archetypus
961 1673 1098 1720 fuerit,
1131 1673 1252 1710 etiam
1278 1685 1322 1711 ex
1348 1672 1545 1722 Lipsiensi

192 1730 443 1780 perspicuum
475 1733 545 1778 est,
580 1731 643 1769 cui
674 1731 801 1769 multa
833 1732 932 1770 vitia
958 1743 1046 1769 cum
1071 1731 1296 1769 Matritensi
1321 1733 1544 1770 communia

193 1791 297 1838 sunt,
322 1789 390 1828 sed
417 1789 736 1839 quandoquidem
762 1790 982 1840 descriptus
1009 1803 1097 1828 cum
1117 1791 1203 1839 ipso
1225 1790 1439 1840 archetypo
1461 1804 1542 1829 rur-

254 1905 287 1947 1)
324 1902 366 1936 In
390 1903 461 1937 hac
488 1906 590 1947 parte
617 1904 646 1948 (Ι
668 1906 796 1948 1--82>
829 1903 937 1938 nobis
970 1903 1134 1938 adeundi
1167 1905 1253 1937 sunt
1279 1903 1385 1938 codd.
1413 1903 1544 1938 Urbi—

193 1951 323 1984 nates
351 1953 417 1984 667
451 1950 488 1984 et
513 1953 599 1994 668,
635 1950 699 1994 qui
733 1951 894 1985 fideliter
925 1950 1145 1986 Matritense
1177 1950 1366 1995 exemplar
1398 1962 1544 1995 expres-

193 1999 329 2040 serunt,
355 1996 401 2032 cf.
428 1997 582 2041 Breiter,
609 1997 726 2032 Praef.
752 2010 789 2042 p.
808 1997 851 2040 X,
880 1997 1045 2039 Bechert,
1073 1998 1118 2032 de
1146 1997 1194 2032 M.
1221 2009 1290 2032 em.
1317 2009 1344 2032 r.
1371 2010 1406 2043 p.
1433 2001 1488 2033 14.

254 2046 288 2089 2)
328 2043 379 2079 cf.
415 2044 454 2078 L.
485 2044 647 2079 Traubei
683 2045 729 2079 de
763 2045 943 2079 librorum
976 2048 1034 2079 LG
1068 2047 1190 2080 aetate
1225 2044 1407 2079 iudicium
1442 2046 1544 2090 apud

194 2091 486 2134 Thielscherum,
518 2104 552 2137 p.
576 2095 660 2127 122:
699 2103 771 2135 „an
806 2092 885 2126 sich
921 2091 1067 2126 scheint
1102 2091 1197 2127 auch
1223 2091 1294 2126 mir
1319 2092 1379 2127 die
1406 2092 1546 2127 Schrift

194 2150 265 2174 von
290 2142 316 2172 1.
351 2138 439 2173 eher
471 2139 524 2173 im
556 2138 804 2185 allgemeinen
838 2141 953 2174 etwas
985 2138 1081 2174 'alter
1112 2138 1167 2174 als
1200 2139 1260 2174 die
1291 2150 1361 2174 von
1394 2144 1431 2174 G.
1482 2140 1545 2175 Ich

194 2185 290 2220 habe
317 2186 388 2220 den
408 2186 598 2221 Eindruck
624 2186 678 2221 als
704 2186 801 2221 habe
828 2187 912 2222 dem
933 2186 1127 2221 Schreiber
1152 2197 1223 2221 von
1241 2190 1277 2228 L,
1304 2186 1435 2222 nicht
1456 2187 1546 2222 aber

195 2233 280 2268 dem
305 2244 375 2268 von
401 2237 439 2276 G,
465 2233 589 2269 direkt
614 2234 697 2268 eine
723 2234 797 2269 alte
818 2233 870 2269 Hs
897 2233 1128 2279 vorgelegen.
1167 2237 1192 2267 L
1217 2233 1267 2268 ist
1291 2233 1389 2268 wohl
1415 2235 1454 2269 in
1481 2234 1546 2270 der

196 2280 348 2325 Gegend
381 2291 450 2316 von
483 2285 510 2315 G
541 2293 584 2315 zu
610 2281 711 2316 Hans
717 2309 864 2317 .....
897 2281 939 2316 In
973 2281 1044 2316 den
1077 2280 1255 2315 Diozesen
1287 2280 1435 2316 Lfittich
1469 2282 1545 2316 und

195 2327 328 2363 Metz.“
