1627 2517
67 121 98 144 v.
121 113 306 145 309—356
463 109 649 144 MANILH
677 107 1022 144 ASTRONOMICA
1366 105 1418 145 13

70 218 249 273 respicit
271 218 347 259 ille
369 225 514 260 tamen
537 215 659 259 molli
682 216 842 258 cervice
865 215 1056 256 reflexus

72 284 115 319 et
144 277 259 319 redit
288 277 448 319 effusis
478 291 553 331 per
581 276 681 317 laxa
711 275 933 316 volumina
962 273 1143 328 palmis:
1439 290 1490 313 335

72 352 239 392 semper
264 337 347 378 erit
370 335 547 391 paribus
572 335 749 384 bellum,
776 334 879 389 quia
904 333 1070 375 viribus
1094 339 1294 387 aequant.

73 396 273 450 proxima
299 410 388 437 sors
413 394 566 448 Cycni,
595 409 722 449 quem
749 393 865 435 caelo
895 393 1095 448 Iuppiter
1120 392 1213 446 ipse

74 454 297 509 imposuit,
320 455 487 495 formae
509 453 713 508 pretium,
738 468 823 507 qua
846 451 960 507 cepit
983 458 1216 500 amantem,

70 529 167 555 cum
198 514 302 555 deus
334 513 381 554 in
412 512 587 554 niveum
619 511 840 554 descendit
871 526 1015 552 versus
1047 510 1204 552 olorem

71 580 277 627 tergaque
304 571 468 613 fidenti
496 571 680 613 subiecit
707 571 881 626 plumea
910 570 1064 612 Ledae.
1440 586 1491 611 340

69 646 182 673 nunc
208 646 377 686 quoque
401 630 601 672 diductas
628 630 784 672 volitat
810 629 1008 672 stellatus
1034 629 1081 670 in
1106 629 1208 670 alas.

73 691 174 732 hinc
198 690 373 732 imitata
396 689 539 731 nitent
563 704 820 744 cursumque
844 688 1129 743 habitumque
1156 687 1356 742 Sagittae

71 749 225 791 sidera.
260 756 353 791 tum
377 748 528 803 magni
554 748 670 790 Iovis
694 749 782 790 ales
805 749 947 789 fertur
969 748 1016 788 in
1040 748 1192 797 altum,

71 816 239 850 assueto
265 808 453 850 volitans
477 814 615 862 gestet
641 823 716 849 ceu
740 807 933 849 fulmina
958 807 1132 856 mundo,

73 868 209 922 digna
236 867 337 909 Iove
362 874 407 909 et
432 867 562 917 eaelo,
592 867 706 922 quod
733 866 865 908 sacris
890 866 1072 908 instruit
1101 866 1246 907 armis.
1442 883 1491 907 345

73 934 166 969 tum
192 941 361 982 quoque
385 927 438 968 de
462 932 595 981 ponto
621 926 764 980 surgit
790 925 1038 980 Delphinus
1063 925 1117 966 ad
1143 931 1272 974 astra,

72 986 219 1027 oceani
248 985 442 1040 caelique
469 986 611 1035 decus,
641 1000 717 1040 per
746 991 977 1039 utrumque
1006 990 1209 1026 sacratus.

73 1060 200 1100 quem
222 1045 375 1099 rapido
396 1051 574 1086 conatus
598 1045 749 1099 Equus
770 1044 1072 1099 comprendere
1094 1059 1219 1084 cursu

71 1104 256 1146 festinat
284 1110 432 1158 pectus
460 1102 655 1157 fulgenti
685 1103 824 1144 sidere
852 1103 1004 1144 clarus.

71 1169 113 1204 et
149 1162 310 1204 finitur
341 1162 387 1203 in
419 1162 725 1212 Andromeda;
769 1164 912 1217 [quam
950 1162 1130 1203 Perseus
1167 1161 1298 1203 armis
1440 1179 1490 1203 350

73 1221 207 1276 eripit
230 1227 272 1263 et
296 1221 430 1263 sociat
454 1221 552 1270 sibi,
578 1221 662 1274 cui]
690 1220 879 1262 succedit
901 1220 1054 1275 iniquo

71 1281 262 1322 divisum
287 1280 442 1335 spatio,
468 1280 582 1335 quod
607 1279 737 1321 tertia
761 1280 964 1334 lampada
988 1280 1136 1334 dispar

73 1339 338 1394 conspicitur
364 1339 555 1394 paribus,
585 1339 793 1380 Deltoton
820 1338 994 1380 nomine
1021 1339 1153 1387 sidus,

72 1414 124 1440 ex
150 1398 288 1440 simili
313 1397 503 1449 dictum;
537 1398 819 1453 Cepheusque
845 1404 888 1440 et
911 1398 1132 1453 Cassiepia

72 1457 120 1498 in
152 1473 310 1513 poenas
342 1457 516 1511 signata
549 1472 646 1499 suas
678 1457 888 1512 iuxtaque
922 1457 1118 1498 relictam
1444 1475 1494 1500 335

75 1517 402 1559 Andromedam
433 1523 574 1558 vastos
605 1523 868 1558 metuentem
899 1517 1051 1571 pristis
1083 1517 1242 1564 hiatus,

130 1617 285 1690 3155—3356
318 1610 438 1644 Germ.
464 1613 565 1644 Arat.
586 1610 601 1643 1
624 1614 809 1644 199-200
846 1611 1058 1654 ‘planctum
1084 1609 1253 1644 relictam
1280 1610 1422 1643 Andro-

71 1668 145 1691 met
159 1668 219 1691 am

131 1748 189 1773 335
215 1745 313 1774 redit
339 1742 459 1775 Bentl.
487 1741 592 1774 dedit
618 1744 641 1773 0
711 1741 853 1787 effusis]
882 1740 993 1774 elusis
1021 1742 1142 1775 Bentl.
1259 1747 1317 1774 333
1344 1751 1423 1784 pre-

70 1787 162 1822 tium
188 1790 249 1820 m
273 1787 394 1831 pretio
423 1791 449 1821 G
577 1794 636 1820 339
661 1787 701 1821 in
726 1787 874 1822 niveum
898 1791 956 1822 LG
981 1787 1234 1822 inimicum‘M
1259 1787 1422 1832 (imicum

71 1835 236 1877 deletum,
261 1835 302 1869 in
327 1846 372 1869 m.
399 1836 498 1870 laevo
522 1834 683 1879 niveum)
805 1841 864 1868 340
889 1834 1040 1879 plumea
1064 1838 1099 1868 M
1124 1837 1178 1879 (in
1204 1837 1263 1878 m.)
1291 1839 1318 1868 G
1343 1834 1423 1879 plu-

70 1882 165 1916 rima
190 1885 250 1916 ML
365 1889 421 1916 341
448 1881 618 1916 diductas
645 1882 738 1916 Scal.
765 1882 946 1916 deductas
973 1886 996 1916 0
1113 1889 1170 1916 344
1197 1884 1344 1916 assueto
1370 1886 1425 1916 LG

71 1929 229 1964 adsudet
253 1930 290 1964 et
315 1932 351 1962 M
470 1940 537 1963 eeu
563 1932 623 1962 m.
651 1928 711 1963 cui
737 1932 764 1962 G
883 1929 1022 1964 mundo
1050 1931 1169 1965 Bentl.
1195 1929 1326 1963 mundi
1353 1933 1376 1962 0

71 1983 128 2011 347
156 1977 284 2012 oceani
303 1976 414 2011 M²LG
439 1976 558 2011 octavi
579 1976 631 2009 Ml
727 1982 786 2009 348
812 1987 927 2020 equus
947 1981 1004 2011 LG
1030 1977 1115 2012 divo
1135 1981 1171 2011 M
1266 1984 1324 2010 349
1351 1976 1423 2010 cla·

71 2036 133 2058 rus
158 2028 214 2057 LG
240 2024 350 2059 claris
376 2027 411 2057 M
518 2030 578 2057 350
603 2023 879 2058 Andromedam
904 2025 1017 2060 Jacob
1121 2024 1210 2062 35οΠ
1237 2035 1349 2068 quam

73 2072 133 2105 cui
158 2072 286 2107 delevit
310 2072 431 2106 Bentl.
504 2070 615 2115 eripit
640 2074 697 2104 LG
723 2072 760 2105 et
783 2070 875 2116 ripit
900 2075 935 2105 M
1066 2079 1125 2106 352
1152 2071 1309 2106 divisum
1337 2072 1424 2116 Ray.

73 2118 212 2153 divisus
240 2122 264 2152 0
313 2118 425 2153 tertia
450 2118 627 2162 lampada.
652 2121 676 2151 0
703 2118 763 2152 cui
788 2117 934 2163 lampas
960 2119 1075 2153 tertia
1094 2120 1248 2155 Housm.
1300 2118 1427 2162 dispar

71 2169 164 2200 LGM
189 2167 244 2210 (in
268 2167 328 2210 m.)
355 2165 481 2210 dispas
501 2169 536 2199 M
631 2172 690 2199 853
716 2165 892 2200 Deltoton
911 2170 968 2199 LG
994 2167 1040 2201 de
1065 2169 1143 2201 toto
1165 2170 1199 2199 M
1226 2166 1251 2208 (l
1274 2170 1356 2209 post
1381 2165 1425 2199 de

73 2215 228 2257 erasum)
325 2220 384 2247 354
411 2213 583 2257 Casiepia
607 2216 665 2247 LG
691 2211 876 2257 casieppa
901 2217 936 2246 M
981 2218 1063 2258 post
1088 2215 1121 2247 h.
1148 2225 1179 2248 v.
1206 2217 1427 2256 sequuntur.-

73 2263 276 2303 399—442,
302 2260 430 2295 deinde
450 2263 655 2302 355-398,
675 2264 751 2294 tum
771 2263 976 2303 443-529,
997 2264 1201 2302 566-611,
1222 2262 1427 2294 530—565.

73 2310 228 2343 612—u.
249 2320 285 2342 α.
305 2308 333 2350 f.
356 2310 380 2341 0
416 2308 579 2343 ordinem
611 2308 771 2342 restituit
794 2307 888 2342 Scal.
925 2309 970 2351 cf.
1000 2308 1147 2343 Garrod
1166 2319 1206 2351 p.
1229 2307 1310 2341 XX

71 2361 131 2389 355
157 2354 295 2400 signati
321 2355 364 2388 1.¹
461 2355 592 2389 relicta
618 2355 738 2389 Bentl.
884 2362 942 2389 356
967 2355 1094 2399 pristis
1124 2355 1237 2389 Gran.
1263 2353 1374 2398 piscis
1403 2357 1426 2386 0
