1627 2517
111 328 163 353 415

112 623 166 649 420

114 920 166 945 425

114 1215 166 1240 430

113 1510 165 1536 435

187 85 239 125 16
580 81 769 117 MANILII
795 81 1135 116 ASTR-ONOMICA
1416 81 1494 116 Lib.
1515 81 1531 116 1

185 192 231 233 in
258 192 423 233 caelum
449 191 658 232 subducta
686 190 810 239 mari,
838 190 950 245 quod
979 190 1118 245 prima
1145 189 1345 238 cucurrit,

185 251 414 292 emeritum
440 249 612 304 magnis
638 251 847 292 mundum
874 256 991 291 tenet
1016 258 1109 291 acta
1137 249 1324 304 periclis,

184 310 391 351 servando
416 310 494 351 dea
518 310 636 351 facta
660 309 771 350 deos.
807 308 876 350 cui
902 308 1126 363 proximus
1150 308 1326 362 Anguis

184 384 387 424 squamea
419 368 645 423 dispositis
675 367 876 409 imitatur
908 367 1075 409 lumina
1107 366 1316 408 flammis.

186 436 227 469 et.
254 428 429 470 Phoebo
455 443 571 469 sacer
597 428 704 469 Ales
732 435 773 469 et
800 443 884 469 una
911 435 1061 481 gratus
1091 428 1242 468 Iaccho

185 487 336 529 Crater
362 493 404 529 et
427 485 595 542 duplici
622 486 864 528 Centaurus
889 486 1082 540 imagine
1107 486 1266 540 fulget,

185 562 284 601 pars
313 545 516 596 hominis,
546 552 667 600 tergo
696 552 844 600 pectus
872 545 1122 587 commissus
1150 544 1321 600 equino.

186 605 326 660 ipsius
350 605 449 646 hinc
473 605 633 646 mundo
656 605 867 659 templum
891 611 967 653 est,
992 603 1234 658 victrixque
1255 603 1409 645 solutis

185 665 279 706 Ara
304 665 417 706 nitet
442 664 587 714 sacris,
614 670 755 706 vastos
780 679 876 705 cum
903 671 1018 705 terra
1043 664 1245 718 gigantes

187 723 233 764 in
255 724 421 765 caelum
442 722 683 764 furibunda
706 722 823 764 tulit.
856 730 949 763 tum
971 721 1017 763 di
1039 736 1206 776 quoque
1229 736 1408 775 magnos

187 782 434 837 quaesivere
458 783 580 832 de0s3
614 782 833 824 dubitavit
859 781 1059 836 Iuppiter
1083 781 1188 836 ipse,

187 842 300 896 quod
320 848 489 896 poterat
507 856 592 882 non
610 856 731 896 posse
751 841 922 890 timens,
943 856 1040 882 cum
1058 855 1232 894 surgere
1250 846 1408 882 terram

187 907 390 951 cerneret,
421 908 469 943 ut
496 900 606 942 verti
635 908 836 942 naturam
865 901 1053 942 crederet
1082 915 1264 949 omnem,

188 961 408 1002 montibus
434 967 563 1015 atque
589 960 689 1001 aliis
714 966 915 1014 aggestos
941 974 1123 1001 crescere
1148 967 1327 1008 montes,

188 1026 230 1060 et
262 1026 351 1061 tam
382 1019 546 1060 vicinos
576 1019 799 1073 fugientia
832 1019 971 1060 sidera
1003 1019 1145 1067 colles,

189 1080 332 1119 *arma
365 1078 646 1133 importantis
679 1085 721 1119 et
754 1085 882 1133 rupta
915 1084 1051 1119 matre
1085 1084 1261 1125 creatos,

189 1138 430 1179 *discordes
459 1138 628 1179 vultum
657 1137 960 1192 permixtaque
989 1151 1165 1192 corpora
1194 1144 1356 1192 partus.

188 1197 370 1238 necdum
390 1196 650 1251 pestiferum
670 1196 754 1238 sibi
775 1211 1036 1251 quemquam
1057 1196 1187 1250 (aut)
1208 1195 1388 1237 numina
1408 1201 1531 1236 norat

189 1255 225 1297 si
255 1271 339 1310 qua
365 1256 511 1297 forent
539 1255 704 1297 maiora
733 1255 835 1297 suis.
875 1262 976 1296 tunc
1006 1255 1207 1309 Iuppiter
1234 1255 1352 1295 Arae

188 1314 329 1356 sidera
351 1314 592 1363 constituit,
615 1329 724 1369 quae
745 1329 857 1356 nunc
879 1329 1046 1369 quoque
1067 1313 1259 1355 maxima
1279 1313 1468 1367 fulgent.

189 1389 316 1428 quam
352 1380 526 1428 propter
555 1373 687 1414 Cetus
717 1372 969 1414 convolvens
996 1387 1199 1427 squamea
1233 1378 1354 1426 terga

190 1432 366 1474 orbibus
396 1431 588 1486 insurgit
619 1431 745 1473 tortis
776 1438 817 1473 et
846 1431 1039 1473 fluctuat
1069 1431 1178 1480 alvo,

189 1491 410 1533 intentans
434 1507 637 1540 morsum,
662 1490 820 1532 similis
843 1491 930 1532 iam
955 1491 1128 1545 iamque
1151 1490 1332 1539 tenenti,

187 1550 329 1605 qualis
359 1551 413 1591 ad
443 1550 663 1606 expositae
692 1550 836 1591 fatum
866 1549 1108 1604 Cepheidos
1139 1549 1266 1591 undis

187 1609 357 1665 expulit
389 1609 620 1651 adveniens
651 1609 766 1650 ultra
797 1624 873 1650 sua
903 1609 1033 1650 litora
1065 1616 1260 1663 pontum.

244 1672 449 1724 *wecel-m·
477 1691 578 1724 Arat.
600 1690 615 1724 1
636 1693 720 1724 721:
749 1690 943 1733 ‘squamea
967 1691 1087 1734 terga'

244 1768 299 1795 414
325 1760 472 1805 periclis
500 1765 524 1795 0
559 1761 732 1806 procellis
758 1765 855 1794 ΕΜοη
1001 1768 1057 1794 416
1082 1760 1254 1795 imitatur
1277 1763 1370 1793 LGM
1395 1762 1449 1804 (in
1477 1762 1534 1803 m.)

185 1810 377 1842 mutantur
402 1809 526 1852 (deleto
552 1812 589 1853 n)
616 1812 650 1842 M
752 1815 811 1842 420
835 1809 922 1843 hinc
949 1814 976 1843 G
1002 1808 1062 1842 hic
1088 1812 1148 1842 m.
1210 1808 1431 1853 victrixque]
1457 1818 1533 1841 ma-

185 1856 325 1899 trisque
351 1857 404 1889 M’
429 1857 483 1901 (in
509 1858 568 1900 m.)
677 1863 732 1890 421
759 1856 932 1901 gigantes
958 1861 1013 1890 LG
1038 1856 1213 1901 gigantas
1241 1859 1275 1888 M
1370 1862 1428 1888 422
1454 1857 1534 1889 tum

186 1903 223 1937 di
249 1903 344 1939 Scal.
377 1903 511 1937 tumidi
539 1907 563 1937 0
667 1911 725 1937 423
752 1904 941 1939 dubitavit
964 1908 1020 1938 LG
1046 1903 1235 1937 esurcione
1261 1905 1296 1935 M
1322 1903 1377 1946 <in
1402 1913 1447 1936 m.
1475 1913 1534 1936 ex-

185 1951 347 1994 trudere)
444 1958 502 1985 425
528 1953 570 1985 ut
590 1952 741 1986 Housm.
769 1953 807 1985 et
827 1954 851 1985 0
948 1959 1006 1986 426
1032 1951 1118 1985 altis
1139 1951 1237 1985 Ellis
1287 1951 1460 1993 aggestos
1480 1953 1535 1983 ΒΘ

186 1998 380 2043 adgressos
407 1999 458 2031 Μ’
483 2010 676 2043 aggressos
702 1998 755 2032 Μ’
851 2005 909 2033 428
936 1999 988 2045 et]
1015 2009 1033 2032 e
1059 1998 1172 2034 Jacob
1223 1999 1363 2031 creatos
1391 2000 1450 2030 m.
1475 2008 1535 2031 co-

186 2047 287 2080 actos
308 2049 336 2080 G
407 2052 466 2080 429
491 2045 632 2080 vultum
652 2047 765 2082 Jacob
791 2046 896 2080 vultu
917 2050 941 2080 0
1004 2056 1159 2090 corpora
1177 2043 1286 2078 1²13
1311 2055 1463 2089 empore
1483 2043 1535 2077 1²

244 2100 304 2127 430
328 2092 545 2137 pestiferum
570 2094 664 2129 Scal.
696 2093 917 2128 hostiferum
945 2097 969 2127 0
1069 2092 1188 2139 (aut)
1215 2091 1330 2126 Jacob
1426 2093 1534 2126 norat

187 2142 306 2176 Bentl.
334 2142 470 2175 norant
496 2144 520 2174 0
678 2147 733 2174 431
759 2143 848 2175 tune
876 2141 1043 2185 Iuppiter
1068 2150 1155 2174 arae
1181 2143 1236 2172 LG
1262 2138 1381 2173 oravit
1408 2142 1446 2173 et
1472 2150 1533 2173 are

186 2191 285 2231 (arae
311 2189 351 2223 in
376 2190 436 2233 m.)
462 2188 513 2221 151¹
546 2190 634 2222 tunc
659 2187 827 2233 Iuppiter
853 2199 958 2223 axem
984 2187 1038 2221 Μ’
1063 2188 1117 2232 (in
1142 2188 1202 2230 m.)
1323 2193 1383 2220 433
1409 2188 1532 2231 Cetus]

187 2237 336 2280 coeptos
357 2235 409 2268 11¹
435 2237 562 2271 coetus
581 2235 633 2269 Μ’
730 2242 787 2269 434
813 2236 922 2270 tortis
941 2234 1051 2269 ΗΣΘ
1074 2236 1194 2269 tortus
1213 2233 1257 2266 10¹
1353 2240 1412 2267 ⁴85
1437 2244 1534 2268 mor-

187 2294 266 2316 sum
303 2282 434 2317 similis
467 2287 495 2317 G
531 2293 655 2318 morsu
691 2283 823 2317 similis
855 2287 881 2316 1.
919 2282 1081 2317 similem
1115 2292 1276 2316 morsum
1302 2281 1361 2313 Μ]
1400 2280 1532 2315 similis

187 2342 309 2364 morsu
335 2330 388 2364 Μ*
