1627 2517
66 83 96 105 v.
118 74 306 106 476—525
461 69 651 104 MANILII
675 67 1019 104 ASTRONOMICA
1038 40 1041 43 ·
1331 65 1415 108 159

69 185 111 220 et
133 178 171 220 si
193 179 308 220 forte
331 178 455 220 bonis
479 177 700 220 accesserit
723 177 912 232 impetus
939 176 1068 226 ausis,

67 238 325 293 improbitas
349 237 433 279 fiet
459 237 619 287 virtus;
654 243 695 278 et
721 237 900 278 condere
927 235 1039 277 bella

67 303 109 338 et
133 296 306 351 magnis
331 296 520 352 patriam
546 302 749 351 poterunt
773 310 926 337 ornare
953 293 1203 349 triumphis.

66 362 108 398 et
131 356 236 411 quia
257 371 343 398 non
366 362 524 397 tractat
547 354 744 396 Volucris
768 355 840 396 sed
867 354 1065 408 suggerit
1089 368 1208 394 arma

68 415 369 470 immissosque
391 413 525 456 refert
547 414 670 468 ignes
694 420 734 455 et
757 413 948 454 fulmina
971 413 1128 463 reddit,

66 474 182 528 regis
207 473 290 516 erit
314 473 516 528 magnive
539 473 662 515 ducis
687 488 762 528 per
787 473 898 515 bella
926 472 1125 513 minister

65 533 343 589 ingentisque
370 532 459 575 suis
485 532 723 588 praestabit
750 532 915 573 viribus
944 546 1056 573 usus.

67 599 111 634 at
136 606 232 634 cum
259 591 465 647 Cassiope
491 592 557 633 bis
583 592 704 633 denis
730 591 927 646 partibus
956 591 1063 632 actis

67 651 268 707 aequorei
290 651 460 693 iuvenis
485 652 637 693 dextra
661 651 713 692 de
736 657 859 705 parte
882 649 1085 704 resurgit,

66 710 262 753 artifices
285 710 380 752 auri
404 710 553 760 faciet,
579 710 654 765 qui
677 709 799 751 mille
822 709 986 763 figuris

65 776 227 811 vertere
251 785 357 825 opus
380 769 548 824 possint
570 784 778 824 caraeque
800 768 1020 823 acquirere
1042 768 1187 809 dotem

63 829 272 870 materiae
298 835 342 870 et
368 828 566 883 lapidum
594 828 712 870 vivos
740 827 917 869 miscere
943 827 1115 868 colores.

65 888 165 929 hinc
190 894 378 942 augusta
404 887 547 929 nitent
575 887 753 929 sacratis
780 902 957 928 munera
987 885 1175 941 templis,

65 962 193 988 aurea
214 946 425 989 Phoebeis
445 947 656 988 certantia
676 947 843 988 lumina
862 946 1072 995 flammis,

66 1021 420 1061 gemmarumque
449 1006 588 1055 iubar,
619 1005 837 1047 radiantes
867 1005 1035 1046 lucibus
1064 1004 1200 1059 ignes.

65 1065 165 1106 hinc
190 1065 400 1120 Pompeia
424 1072 601 1106 manent
624 1065 779 1106 veteris
804 1070 1082 1105 monumenta
1107 1062 1323 1118 triumphi

63 1131 105 1165 et
128 1124 441 1165 Mithridateos
465 1124 610 1165 vultus
634 1124 790 1165 induta
814 1130 1003 1178 tropaea,

63 1198 149 1224 non
174 1183 387 1225 exstincta
412 1183 481 1224 lue
506 1198 758 1237 semperque
781 1182 968 1224 recentia
992 1182 1201 1223 flammis.

65 1242 166 1283 hinc
191 1242 455 1284 lenocinium
480 1242 647 1283 formae
674 1242 899 1296 cultusque
926 1248 1119 1296 repertus

64 1301 255 1356 corporis
278 1308 407 1356 atque
431 1316 534 1343 auro
559 1301 754 1356 quaesita
779 1308 841 1342 est
866 1301 1008 1354 gratia
1032 1300 1192 1342 frontis

64 1375 224 1415 perque
247 1366 377 1415 caput
401 1360 521 1402 ducti
546 1360 712 1415 lapides
737 1376 812 1415 per
835 1360 945 1402 colla
970 1375 1209 1414 manusque

63 1426 104 1461 et
129 1419 312 1474 pedibus
338 1419 477 1461 niveis
501 1419 721 1461 fulserunt
747 1435 875 1461 aurea
901 1419 1056 1460 vincla.

64 1479 170 1533 quid
196 1478 342 1534 potius
369 1485 566 1520 matrona
593 1479 699 1520 velit
726 1484 911 1520 tractare
939 1484 1114 1527 creatos,

63 1553 193 1592 quam
215 1538 384 1579 factum
407 1553 602 1579 revocare
627 1553 724 1579 suos
749 1537 863 1592 quod
887 1537 1024 1592 possit
1049 1537 1103 1578 ad
1129 1537 1263 1578 usus?

64 1611 111 1638 ac
135 1611 188 1638 ne
214 1596 414 1638 materies
439 1596 520 1638 tali
543 1597 623 1638 sub
648 1611 825 1637 munere
850 1596 976 1645 desit,

63 1670 265 1710 quaerere
292 1654 370 1697 sub
399 1655 525 1697 terris
553 1671 707 1697 aurum
734 1656 939 1710 furtoque
967 1655 1174 1697 latentem

63 1722 265 1756 naturam
293 1729 438 1756 eruere
469 1714 694 1768 (omnem)
721 1714 954 1769 orbemque
983 1714 1194 1756 invertere
1222 1714 1405 1769 praedae

63 1774 251 1828 imperat
279 1780 322 1814 et
351 1773 497 1827 glebas
526 1773 640 1814 inter
668 1774 929 1828 deprendere
959 1788 1110 1827 gazam

123 1849 269 1888 505sqq.
305 1843 414 1876 Firm.
431 1842 515 1876 VIII
544 1847 597 1880 16.
619 1846 638 1875 3
665 1842 905 1886 (Cassiepiam
947 1835 1070 1876 ‘erunt
1103 1842 1271 1877 aurifices
1304 1835 1410 1877 brafc'l

62 1892 224 1925 teatcres
249 1890 483 1924 inauratores
510 1890 812 1934 emplastrotores
839 1890 1104 1933 margaritarii’

122 1953 185 1984 499
211 1950 380 1995 condere]
403 1950 625 1983 contendere
645 1949 689 1982 L¹
756 1956 814 1983 502
839 1949 1041 1984 fluminaM
1110 1956 1169 1983 503
1195 1949 1363 1983 ducesL¹

62 1996 233 2032 minister
251 2001 278 2030 F
303 1997 483 2042 magister
504 1999 527 2030 Ο
561 1997 620 2041 (cf.
655 1997 688 2031 V
704 1999 788 2041 621)
934 2004 992 2031 504
1019 1997 1173 2043 viribus]
1201 1996 1354 2030 urbibus
1376 1999 1410 2029 M

111 2051 170 2078 506
195 2044 371 2089 aequorei
388 2044 435 2078 L²
459 2054 618 2088 aequore
639 2047 673 2077 M
699 2055 906 2088 aequoreae
925 2044 1000 2078 L¹G
1105 2051 1163 2078 508
1189 2044 1335 2088 possint
1355 2047 1409 2077 LG

63 2093 220 2135 possunt
238 2095 274 2125 M
323 2102 502 2135 caraeque
523 2091 616 2127 Scal.
644 2092 821 2135 carnique
842 2095 866 2125 0
988 2099 1043 2126 512
1069 2102 1299 2136 gemmarum
1319 2090 1363 2124 12²

63 2138 173 2173 iubar
191 2140 313 2174 Bentl.
339 2139 388 2173 ub
409 2142 444 2172 M
468 2139 534 2173 vili
552 2143 577 2172 L
604 2139 669 2173 vili
690 2143 717 2173 G
743 2141 846 2185 (nom
872 2139 949 2183 vib)
1094 2146 1150 2173 513
1182 2138 1363 2183 triumphi
1383 2142 1410 2172 G

62 2186 263 2230 triumphis
282 2189 343 2220 ML
408 2191 489 2231 post
513 2187 546 2221 h.
572 2198 602 2221 v.
628 2188 791 2231 sequitur
816 2189 886 2222 543
910 2188 952 2222 in
973 2190 996 2220 0
1094 2193 1150 2220 514
1177 2187 1308 2232 leqitur
1325 2191 1409 2230 post

65 2236 136 2269 510
161 2235 202 2268 in
223 2237 246 2268 0
277 2238 362 2278 post
386 2237 456 2269 513
482 2235 668 2269 collocavit
693 2235 814 2270 Bentl.
925 2240 980 2268 515
1006 2233 1068 2268 lue
1088 2235 1153 2268 Br.
1182 2235 1240 2279 (ef.
1261 2245 1301 2278 p.
1324 2235 1410 2277 15¹6),

62 2280 143 2315 lues
164 2284 188 2315 0
285 2288 342 2315 516
367 2280 447 2316 levo
474 2281 612 2315 ciuium
632 2285 660 2315 G
761 2288 819 2316 524
848 2281 1049 2328 (omnem)
1069 2281 1162 2316 Scal.
1260 2287 1318 2315 525
1344 2291 1408 2326 ga-

64 2338 145 2362 zam
164 2328 257 2363 Scal.
283 2339 396 2373 gazas
419 2332 443 2362 0

1435 309 1486 336 500

1433 607 1486 637 505,

1433 902 1486 929 510

1431 1199 1484 1227 515

1431 1495 1485 1521 520

1428 1792 1483 1820 525
