1627 2517
62 94 96 116 v.
116 83 303 116 438—493
461 78 648 113 MANILII
674 76 1014 112 ASTRONOMICA
1355 72 1411 114 53

66 188 291 243 imperitat
312 187 509 242 genibus,
528 201 702 227 crurum
720 183 949 226 fundentis
968 183 1139 238 Aquari

66 247 300 292 arbitrium
323 254 399 297 est,
424 246 655 300 Piscesque
678 245 837 299 pedum
861 243 945 284 sibi
968 243 1062 284 iura
1087 249 1327 297 reposcunt.

127 307 235 362 quin
264 306 397 348 etiam
426 304 616 360 propriis
645 304 760 345 inter
791 318 832 344 se
862 302 1034 356 legibus
1063 308 1177 342 astra

67 366 344 415 conveniunt,
369 371 416 406 ut
439 370 555 406 certa
579 369 732 418 gerant
757 361 1013 403 commercia
1036 376 1202 410 rerumss.

68 426 200 480 inque
225 425 361 466 vicem
386 429 609 479 praestant
634 422 752 464 visus
778 428 907 476 atque
932 420 1109 462 auribus
1136 420 1326 468 haerent,

68 492 143 527 aut
164 485 313 526 odium
332 483 540 525 foedusve
562 488 733 536 gerunt,
755 495 1041 535 conversaque
1062 479 1273 534 quaedam

69 544 115 585 in
142 550 275 585 semet
300 542 475 598 proprio
502 542 722 583 ducuntur
748 540 876 595 plena
901 540 1063 580 favore.

69 602 231 645 idcirco
258 601 448 644 adversis
475 616 561 642 non
588 615 828 654 numquam
858 598 1002 653 gratia
1030 598 1182 652 signis,

69 670 110 704 et
133 661 295 704 bellum
319 661 482 703 sociata
507 666 678 714 gerunt,
704 659 934 713 alienaque
956 658 1052 699 sede

69 721 184 763 inter
209 736 252 762 se
279 726 487 775 generant
513 719 764 761 coniunctos
791 733 916 759 omne-
940 733 1015 772 per
1042 732 1208 765 aevum,

66 787 110 821 at
147 779 374 835 triquetris
409 778 491 820 orti
530 783 731 833 pugnant
764 777 1034 831 fugiuntque
1071 774 1284 816 vicissim:

70 839 185 894 quod
210 839 329 888 deus,
358 838 405 879 in
432 838 550 892 leges
577 837 789 878 mundum
815 851 911 877 cum
939 836 1139 877 conderet
1166 849 1350 882 omnem,

70 899 261 940 affectus
283 912 453 953 quoque
475 896 629 938 divisit
652 895 925 937 variantibus
948 895 1077 936 astris

70 964 200 1013 atque
225 957 413 999 aliorum
439 957 596 1005 oculos,
625 955 810 997 aliorum
837 954 1021 996 eontulit
1049 968 1185 1002 aures,

72 1017 219 1058 iunxit
249 1016 467 1058 amicitias
496 1016 650 1057 horum
681 1014 759 1056 sub
788 1015 962 1055 foedere
991 1020 1120 1062 certo,

70 1091 240 1118 cernere
271 1082 319 1117 ut
349 1075 465 1116 inter
494 1089 539 1116 se
567 1081 741 1129 possent
771 1073 1008 1127 audireque
1039 1072 1265 1126 quaeda-m,

70 1135 310 1189 diligerent
336 1134 423 1175 alia
448 1140 490 1175 et
518 1148 652 1174 noxas
679 1133 927 1186 bellumque
953 1137 1186 1179 moverent,

72 1194 140 1236 his
164 1194 298 1236 etiam
322 1193 522 1248 propriae
546 1193 662 1234 foret
686 1191 966 1245 indulgentia
989 1190 1132 1240 sortis,

72 1260 119 1295 ut
151 1268 194 1295 se
224 1252 463 1306 diligerent
494 1267 661 1306 semper
693 1251 864 1305 sibique
894 1251 988 1305 ipsa
1020 1250 1260 1304 placerent:

72 1312 133 1354 sic
155 1319 203 1355 ut
226 1318 404 1354 naturas
428 1311 654 1353 hominum
678 1310 905 1365 plerasque
927 1309 1137 1358 videmus,

73 1371 149 1426 qui
182 1386 318 1426 genus
351 1386 402 1412 ex
436 1370 576 1425 signis
608 1371 774 1412 ducunt
804 1368 1099 1411 formantibus
1133 1375 1264 1409 ortus.

72 1431 304 1473 consilium
323 1431 416 1485 ipse
437 1445 563 1472 suum
583 1436 645 1471 est
666 1429 810 1479 Aries,
833 1435 879 1470 ut
900 1428 1096 1483 principe
1116 1427 1301 1481 dignum
1323 1432 1407 1471 est:

72 1490 196 1532 audit
222 1505 264 1531 se
290 1489 557 1544 Libramque
583 1488 715 1538 videt,
743 1489 981 1529 frustratur
1008 1487 1191 1528 amando

74 1549 281 1599 Taurum,
303 1548 522 1602 Lanigero
546 1547 621 1602 qui
643 1548 844 1589 fraudem
867 1546 1001 1587 nec-tit
1023 1553 1064 1587 et
1086 1546 1199 1587 ultra

72 1608 290 1662 fulgentis
312 1607 429 1649 videt
455 1614 585 1662 atque
608 1607 733 1648 audit
757 1621 833 1661 per
856 1606 998 1647 sidera
1021 1605 1188 1646 Pisces:

73 1666 260 1721 Virgine
284 1682 404 1708 mens
429 1667 614 1721 eapitur,
641 1665 702 1708 sic
729 1666 947 1721 quondam
973 1670 1147 1706 vexerat
1174 1670 1275 1704 ante

77 1726 298 1781 Europam
328 1726 454 1768 dorso
485 1725 746 1767 retinentem
779 1740 937 1766 cornua
970 1724 1091 1765 laeva

75 1785 339 1839 indutusque
367 1784 460 1826 Iovi
489 1785 622 1837 (est.)
648 1784 934 1825 Geminorum
962 1783 1135 1824 ducitur
1161 1782 1277 1823 auris

74 1844 130 1886 ad
156 1844 363 1886 Iuvenem
388 1850 584 1885 aeternas
608 1843 868 1884 fundentem
895 1842 1097 1884 Piscibus
1123 1841 1272 1890 undas,

75 1903 208 1958 inque
236 1903 353 1958 ipsos
381 1902 554 1944 animus
582 1902 728 1943 Pisces
758 1902 956 1956 oculique
986 1902 1186 1942 Leonem.

133 2003 191 2029 464
216 1996 409 2041 imperitat,
430 1996 547 2030 Bentl.
575 1996 735 2039 imperat
755 1997 792 2029 et,
813 1998 836 2028 Ο
923 2002 981 2028 465
1001 1999 1085 2039 post
1102 1995 1135 2028 k.
1158 2006 1204 2028 zu:
1232 1994 1420 2038 signorum

74 2043 295 2077 commercia
315 2043 465 2078 auditus
485 2043 585 2077 visus
602 2054 721 2077 mores
743 2042 831 2077 odia
851 2045 885 2075 M
910 2043 962 2084 (in
984 2054 1028 2076 m.
1048 2043 1087 2084 L)
1115 2041 1303 2085 signorum
1325 2051 1421 2073 com-

73 2090 210 2124 mercia,
230 2094 258 2124 G
329 2097 385 2124 471
410 2102 611 2134 numquam
633 2094 660 2124 G
684 2100 861 2134 umquam
881 2093 943 2122 ΒΜ
1016 2095 1074 2122 473
1101 2099 1137 2122 se
1152 2088 1232 2121 ΕΠᾺ
1258 2098 1335 2121 sese
1349 2086 1423 2119 L²Gr

122 2139 301 2181 generant
321 2141 348 2172 G
372 2140 507 2183 gerant,
526 2141 586 2171 ML
696 2144 753 2170 474
781 2138 819 2170 at
843 2137 1033 2180 triquetris
1061 2135 1132 2170 orti
1161 2134 1307 2169 Garrod
1331 2133 1422 2167 utri-

75 2196 145 2229 que
165 2184 308 2219 trisorti
327 2185 408 2218 ml
434 2185 495 2229 (tri
515 2186 555 2219 i‘n
574 2196 646 2220 ras.
666 2187 706 2229 L)
732 2184 880 2228 utrique
901 2184 991 2218 sorti
1009 2183 1084 2217 L²G
1175 2189 1233 2215 476
1260 2182 1360 2215 astra
1379 2181 1422 2213 1.¹

121 2239 179 2265 479
204 2234 356 2276 possent
376 2236 404 2265 G
427 2233 572 2277 possint,
590 2236 652 2265 ML
765 2238 825 2265 486
851 2242 890 2265 se
909 2231 1002 2267 Scal.
1031 2231 1062 2265 si
1083 2234 1106 2264 0
1222 2235 1280 2262 48⁷
1307 2227 1425 2262 nectit

70 2289 136 2313 om.
159 2283 186 2312 G
209 2280 388 2324 supplevit
413 2281 453 2314 in
472 2291 514 2314 m.
537 2291 633 2314 man.
654 2290 720 2314 rec.
818 2285 875 2312 4⁹1
901 2278 1014 2324 <est>
1043 2278 1160 2312 Bentl.
1260 2282 1318 2309 4⁹8
1345 2275 1422 2309 ani—

67 2337 149 2360 mus
170 2326 262 2362 Seal.
291 2326 455 2360 animum
477 2329 500 2360 0

1432 257 1483 281 465

1434 553 1486 578 410

1436 850 1487 874 475

1437 1144 1490 1169 480

1439 1439 1489 1465 455

1439 1736 1491 1760 490
