1627 2517
55 231 106 256 130

54 527 105 553 135

54 824 105 849 140

55 1120 104 1144 145

55 1416 105 1442 150

129 104 181 144 78
516 103 704 137 MANILII
728 102 1073 138 ASTRONOMICA
1323 102 1401 137 Lib.
1423 102 1474 137 111

126 211 323 253 condicio
349 217 391 253 et
413 212 558 253 famae
584 212 737 253 modus
761 218 804 253 et
830 226 966 266 genus
991 219 1032 253 et
1057 211 1246 266 specioso

127 271 271 325 gratia
295 276 538 326 praetextu.
571 286 709 313 nonus
733 271 850 313 locus
875 277 1054 325 occupat
1079 285 1249 312 omnem

126 337 358 384 gnatorum
387 337 544 372 sortem
572 330 752 372 dubiam
778 330 1031 385 patriosque
1062 330 1239 371 timores

126 390 358 444 omniaque
388 389 634 431 intrantum
666 389 805 431 mixta
836 389 1026 431 nutricia
1060 389 1200 431 turba.

127 449 227 490 huie
253 449 422 490 vicinus
446 449 542 499 erit,
569 449 682 490 vitae
709 449 785 504 qui
811 449 1003 490 continet
1028 455 1185 498 actum,

126 508 172 549 in
197 524 281 563 quo
305 508 511 550 sortimur
535 523 672 550 mores
698 515 739 550 et
764 508 966 564 qualibus
990 508 1130 549 omnis

124 568 339 610 formetur
363 569 515 609 domus
538 568 763 622 exemplis,
789 582 958 623 quoque
983 567 1134 609 ordine
1157 574 1271 609 certo

126 628 180 668 ad
203 642 279 669 sua
301 627 532 682 compositi
556 627 779 669 discedant
803 642 982 668 munera
1005 626 1129 668 servi.

125 686 359 741 praecipua
382 687 610 728 undeoima
631 702 730 741 pars
752 693 814 728 est
837 687 883 727 in
906 693 1018 728 sorte
1039 687 1191 735 locata,

126 761 234 800 quae
252 761 464 787 summam
481 746 619 787 nostri
637 761 804 800 semper
822 745 1018 800 viresque
1035 745 1262 799 gubernat,

126 820 295 860 quaque
326 806 528 847 valetudo
558 812 739 855 constat,
770 819 884 851 nune
916 804 1053 846 libera
1085 803 1261 854 morbis,

125 879 238 906 nunc
268 880 484 919 oppressa,
515 870 689 906 movent
719 870 767 906 ut
797 864 1009 906 mundum
1040 864 1182 905 sidera
1211 878 1407 918 cumque.

124 939 210 965 non
235 924 365 966 aliast
390 924 522 973 sedes,
549 930 770 979 tempusve
797 938 983 978 genusve
1008 923 1209 965 medendi

125 998 234 1038 quae
258 983 343 1025 sibi
367 984 582 1038 deposeat,
608 983 674 1024 vel
699 983 822 1024 ouius
847 989 1038 1037 tempore
1060 988 1248 1037 praestet

125 1042 343 1084 auxilium
369 1049 411 1084 et
434 1043 550 1084 vitae
575 1057 700 1084 sucus
725 1042 903 1084 miseere
928 1041 1125 1083 salubris.

125 1102 308 1143 ultimus
327 1109 369 1143 et
386 1108 523 1143 totam
541 1102 799 1143 concludens
818 1101 968 1143 ordine
987 1116 1201 1143 summam

124 1162 250 1203 rebus
278 1161 523 1216 apiscendis
549 1161 670 1203 labor
697 1168 773 1211 est,
803 1161 877 1215 qui
907 1160 1100 1202 eontinet
1126 1160 1266 1201 omnis

125 1228 322 1262 votorum
345 1221 547 1271 effectus,
570 1227 612 1262 et
635 1236 744 1275 quae
768 1220 852 1262 sibi
877 1220 1058 1275 quisque
1080 1219 1252 1274 suisque

125 1280 330 1335 proponit
352 1280 498 1322 studia
519 1287 648 1335 atque
670 1286 797 1329 artes,
822 1280 924 1321 haee
946 1279 1074 1320 irrita
1094 1294 1146 1320 ne
1168 1279 1269 1327 sint,

125 1354 198 1380 seu
224 1340 340 1380 ferat
367 1339 589 1388 officium,
619 1346 750 1381 nutus
779 1338 1002 1380 blanditus
1030 1338 1077 1379 in
1103 1353 1262 1387 omnes,

125 1413 275 1453 aspera
297 1398 386 1440 sive
406 1399 502 1439 foro
525 1413 600 1453 per
622 1398 745 1440 litem
768 1397 914 1451 iurgia
936 1404 1132 1452 temptet,

123 1458 400 1499 fortunamve
419 1464 539 1512 petat
558 1458 712 1512 pelago
732 1457 958 1511 ventisque
978 1462 1196 1511 sequatur,

124 1532 196 1558 seu
222 1517 420 1559 Cererem
445 1517 573 1571 plena
597 1516 839 1558 vincentem
865 1516 1029 1557 eredita
1054 1530 1187 1557 messe

124 1583 200 1618 aut
224 1582 392 1631 repetat
418 1576 636 1618 Bacchum
660 1591 736 1631 per
761 1575 947 1630 pinguia
973 1582 1116 1616 musta
1138 1575 1376 1623 fluentem

125 1636 203 1677 hae
236 1636 282 1676 in
315 1642 438 1689 parte
472 1635 564 1677 dies
599 1642 728 1689 atque
762 1635 839 1676 hac
873 1640 1089 1676 momenta
1124 1634 1367 1683 dabuntur3

185 1748 241 1774 130
274 1741 440 1784 specioso
462 1740 541 1774 ML2‘
576 1740 763 1785 speciosus
783 1740 857 1774 L¹G
1001 1746 1054 1773 131
1087 1741 1284 1783 praetextu
1303 1743 1329 1772 F
1367 1749 1471 1783 prae-

126 1789 227 1822 texto
249 1792 272 1821 0
370 1795 426 1821 13⁶2
452 1790 650 1833 gnatorum
670 1788 764 1823 Scal.
791 1788 982 1833 gratorum
1002 1787 1138 1831 L¹<?)M
1169 1786 1331 1821 fatorum
1351 1786 1425 1820 L2'G

125 1842 181 1868 133
207 1835 414 1869 intrantum
436 1838 460 1868 0
488 1836 545 1878 (cf.
572 1836 653 1870 Sere.
681 1836 722 1870 de
747 1846 846 1880 prov.
870 1836 933 1877 VI,
954 1837 989 1879 7)
1016 1834 1202 1868 infantum
1223 1834 1318 1869 Scal.
1415 1839 1472 1866 185

125 1882 300 1917 sortimur
325 1893 444 1917 mores
464 1882 558 1917 Seal.
587 1882 743 1917 sortium
769 1893 931 1917 rumores
953 1885 977 1915 0
1035 1883 1072 1917 st
1098 1881 1270 1926 qualibus
1291 1881 1384 1916 Scal.
1412 1891 1472 1914 ae-

125 1929 299 1973 qualibus
321 1932 344 1962 0
442 1936 498 1963 136
524 1930 702 1975 exemplis
730 1930 859 1964 domus
881 1930 925 1963 (3¹
1016 1936 1070 1962 137
1099 1928 1293 1973 compositi
1314 1931 1348 1960 M
1374 1938 1471 1962 com-

126 1977 249 2021 posita
267 1980 324 2010 LG
455 1984 511 2010 139
537 1977 723 2022 gubernat
743 1978 829 2023 Regy.
856 1977 1067 2022 gubernant
1087 1979 1111 2009 0
1240 1982 1298 2008 140
1324 1985 1471 2018 quaque

125 2025 217 2060 Seal.
246 2034 341 2068 quae
362 2028 396 2056 M
422 2035 592 2068 quaeque
610 2029 667 2058 LG
811 2031 864 2058 141
890 2025 1041 2058 movent
1065 2026 1108 2057 ut
1128 2023 1220 2058 Scal.
1248 2023 1417 2056 movente
1437 2025 1472 2054 M

123 2073 274 2106 movent
298 2073 335 2105 et
354 2075 409 2104 LG
482 2078 537 2105 14⁸2
565 2072 676 2106 aliast
695 2072 790 2107 Scal.
818 2072 910 2106 alias
930 2075 952 2104 0
1031 2077 1087 2103 144
1112 2069 1150 2103 in
1177 2069 1274 2104 vitae
1302 2070 1422 2105 Bentz.

123 2119 277 2153 miscere
297 2120 392 2154 Bon.
419 2119 590 2153 miserere
611 2123 634 2152 0
720 2126 776 2152 146
802 2117 1011 2163 apiscendis
1031 2118 1118 2162 Rey.
1147 2117 1371 2160 aspiciendis
1390 2117 1472 2150 L¹M

124 2166 315 2211 apieendis
333 2166 409 2200 L²G
503 2173 559 2199 149
584 2167 700 2200 virtus
726 2166 916 2200 blanditus
936 2164 1097 2200 nominis
1117 2168 1151 2197 M
1247 2171 1304 2198 158
1329 2163 1469 2209 musta]

124 2213 242 2248 multa
261 2217 296 2247 M
341 2218 424 2258 post
441 2214 473 2249 h.
495 2225 543 2249 v.:
571 2214 755 2257 quomodo
782 2214 950 2248 fortunae
976 2211 1078 2247 loeus
1099 2211 1310 2246 inveniatur
1328 2215 1363 2245 M
1386 2222 1470 2255 spa-

125 2263 215 2296 tium
246 2265 419 2305 quattuor
451 2261 629 2296 linearum
663 2262 703 2295 in
721 2265 758 2304 L,
794 2261 982 2304 inscripsit
1011 2271 1062 2295 vv.
1085 2259 1148 2293 IV
1172 2261 1315 2294 10—16
1341 2268 1471 2293 manus

123 2310 366 2343 recentissima
390 2319 480 2344 saec.
504 2309 592 2350 XV,
622 2312 746 2353 postea
773 2309 900 2343 delevit
1067 2313 1122 2340 154
1155 2306 1234 2342 dies
1262 2307 1374 2350 atque
1400 2305 1470 2339 hac

126 2356 257 2401 Fayus
283 2355 362 2390 dies
389 2357 503 2399 atque
528 2355 620 2390 haec
642 2359 665 2388 Ο
692 2355 782 2390 fides
808 2355 920 2399 inque
946 2354 1015 2388 hac
1036 2355 1156 2389 Bentl.

1602 1580 1616 1631 ⁴.-
