1627 2517
93 363 145 388 540

89 658 141 684 515

85 1014 138 1040 550

82 1307 133 1334 555

78 1605 130 1630 560

169 118 226 158 94
561 118 748 153 MANILII
774 117 1120 153 ASTRONOMICA
1366 120 1443 154 Lib.
1465 119 1513 155 ΠΙ

171 225 338 277 [sidere‚
372 242 499 281 quem
530 234 772 268 memorant
804 227 1066 282 horoscopon
1098 226 1364 277 inventuros,

167 291 289 339 parte
316 286 430 340 quod
456 301 507 327 ex
534 286 613 327 illa
639 286 900 328 describitur
928 286 1031 328 hora
1055 286 1223 340 diebus]

166 359 290 385 omne
315 359 450 398 genus
473 345 658 386 rationis
681 345 754 399 agi
779 361 855 400 per
878 352 1073 400 tempora
1097 353 1137 387 et
1161 353 1291 396 astra,

165 410 207 444 et
234 404 377 458 capite
405 419 457 445 ex
488 419 572 445 uno
602 419 767 446 menses
796 420 1016 460 annosque
1042 405 1220 460 diesque

163 462 353 517 incipere
385 470 514 518 atque
547 464 672 505 horas
704 463 903 519 tradique
935 464 1213 518 sequentibus
1245 465 1394 513 astrisj,

163 528 205 563 et
234 536 498 576 quamquam
529 522 644 564 socia
673 529 905 564 nascantur
935 523 1106 577 origine
1136 530 1302 573 cuncta,

161 580 354 622 diversas
377 588 523 622 tamen
545 596 633 623 esse
656 581 781 631 vices,
807 582 921 636 quod
945 582 1113 624 tardius
1135 582 1227 631 illa,

162 639 265 681 haec
287 640 419 682 citius
441 647 656 695 peragant
680 641 838 682 orbem.
874 641 993 683 venit
1017 641 1158 683 omnis
1181 642 1234 683 ad
1259 648 1425 683 astrum

162 699 266 740 hora
290 699 376 749 die,
404 699 469 741 bis
495 715 640 741 mense
666 700 772 750 dies,
799 700 929 742 semel
954 716 1065 742 unus
1091 700 1137 742 in
1163 716 1275 742 anno

161 759 321 799 mensis
344 765 385 800 et
408 759 570 800 exactis
593 759 659 800 bis
682 775 754 800 sex
777 759 864 800 iam
888 760 1050 801 solibus
1074 775 1224 801 annus.

159 817 357 858 difficile
388 817 527 863 estin
558 818 674 859 idem
707 826 878 873 tempus
909 833 1158 860 concurrere
1186 826 1354 868 cuncta,

160 876 290 917 unius
316 883 365 918 ut
390 876 507 930 signi
534 877 699 932 pariter
726 877 783 919 sit
810 877 969 919 mensis
993 884 1035 919 et
1063 893 1214 920 annus.

160 937 372 990 <namque
399 937 495 986 erit,
524 943 572 978 ut
598 937 720 978 mitis
747 937 822 994 qui
848 937 964 991 signi
992 936 1165 979 duxerit
1193 938 1382 990 annum>

158 994 391 1049 asperioris
420 1002 524 1049 agat
551 1010 765 1046 mensem;
801 996 837 1037 si
868 995 1028 1037 mensis
1057 996 1102 1037 in
1130 1003 1295 1038 astrum

157 1054 316 1096 laetius
343 1054 563 1105 inciderit,
592 1055 767 1109 signum
796 1055 853 1096 sit
882 1055 1006 1096 triste
1035 1054 1146 1105 diei3

157 1113 195 1154 si
221 1114 401 1155 fortuna
429 1114 545 1155 diem
574 1114 736 1164 foveat,
767 1115 825 1155 sit
854 1114 1003 1155 durior
1032 1115 1148 1156 hora.

156 1172 317 1214 idcirco
344 1172 459 1214 nihil
485 1173 531 1214 in
560 1180 700 1215 totum
729 1172 813 1215 sibi
841 1174 1010 1215 credere
1035 1174 1106 1215 fas
1133 1180 1210 1223 est,

154 1246 240 1273 non
263 1247 397 1274 annos
420 1232 574 1286 signis,
600 1248 764 1274 menses
788 1232 1056 1275 vertentibus
1080 1233 1219 1282 annis,

154 1291 375 1333 mensibus
402 1300 477 1333 aut
502 1292 632 1341 luces,
660 1299 736 1333 aut
763 1307 908 1333 omnes
936 1292 1104 1334 lucibus
1130 1292 1268 1341 horas,

154 1351 267 1404 quod
289 1365 402 1391 nunc
424 1351 502 1392 illa
523 1351 656 1392 nimis
678 1357 925 1406 properant,
948 1366 1060 1392 nunc
1081 1351 1158 1392 illa
1180 1358 1418 1401 morantur,

153 1416 195 1450 et
214 1410 339 1450 modo
359 1410 476 1451 deest
496 1410 609 1459 aliis,
631 1410 757 1451 modo
776 1410 908 1459 adest,
930 1410 1180 1464 vicibusque
1201 1410 1360 1452 recedit

152 1475 228 1509 aut
250 1468 378 1517 redit,
403 1476 532 1523 atque
557 1468 644 1510 alio
669 1475 865 1510 mutatur
890 1475 1082 1523 tempore
1106 1476 1274 1523 tempus

151 1526 481 1582 interpellatum
514 1527 683 1569 variata
716 1534 828 1569 sorte
862 1528 1045 1569 dierum.

211 1593 252 1628 et
274 1586 482 1641 quoniam
504 1587 645 1636 docui,
668 1602 744 1642 per
766 1587 941 1641 singula
966 1594 1159 1642 tempora
1182 1587 1296 1628 vitae

150 1646 265 1700 quod
292 1646 549 1701 quandoque
576 1661 711 1700 genus
738 1647 898 1695 veniat,
926 1646 1132 1701 cuiusque
1159 1646 1217 1688 sit
1242 1646 1348 1687 astri

150 1705 334 1760 quisque
358 1721 510 1755 annus,
535 1705 657 1747 cuius
681 1706 854 1755 mensis,
880 1705 1010 1746 simul
1037 1706 1139 1747 hora
1162 1706 1350 1760 diesque,

209 1805 266 1831 538
293 1799 481 1833 damnavit
503 1801 622 1833 Bentl.
697 1800 925 1843 horoscopon
947 1803 980 1831 M
1005 1799 1227 1843 horoscopos
1246 1802 1303 1832 LG
1369 1799 1494 1832 iuven-

148 1846 262 1889 turos]
289 1845 496 1880 inventores
519 1847 637 1890 Posty.
759 1852 818 1879 539
844 1846 1034 1881 damnavit
1059 1847 1125 1880 Br.
1249 1852 1307 1879 540
1333 1845 1395 1890 agi
1415 1845 1494 1878 ΜΖΑ

148 1892 228 1936 agit
245 1891 320 1926 L²G
417 1900 472 1926 541
500 1893 622 1937 capite
643 1894 737 1928 θοαί.
771 1893 874 1937 capit
894 1896 918 1926 0
1017 1899 1075 1926 542
1101 1892 1273 1937 tradique
1293 1893 1386 1927 Seal.
1419 1894 1492 1926 tra-

147 1939 204 1973 dit
225 1943 248 1972 0
347 1946 405 1972 543
431 1940 531 1974 socia
551 1943 585 1972 M
611 1940 734 1984 spatia
752 1945 809 1974 LG
869 1942 1069 1975 nascantur
1088 1941 1220 1986 Foyus
1245 1941 1447 1974 nascuntur
1468 1942 1492 1972 0

194 1993 252 2020 544
279 1986 417 2020 divisas
443 1988 469 2020 t.
496 1998 525 2021 e.
554 1988 649 2021 cives
671 1992 698 2021 G
803 1995 861 2021 546
889 1988 948 2022 die
968 1987 1012 2021 Ι.Ξ
1038 1987 1116 2021 dies
1135 1987 1246 2020 L¹MG
1351 1993 1406 2020 547
1436 1997 1491 2020 so-

145 2033 260 2080 libus]
286 2033 475 2068 mensibus
496 2035 615 2069 Bentl.
692 2046 809 2069 annus
829 2036 922 2070 Scal.
951 2046 1088 2069 annum
1110 2038 1134 2067 0
1256 2040 1314 2067 549
1340 2035 1382 2067 ut
1403 2034 1490 2079 Req.

146 2083 182 2116 et
205 2085 228 2114 0
327 2086 402 2114 549·
433 2082 587 2116 inseruit
612 2083 751 2124 Bentl.,
783 2083 858 2118 m'si
888 2082 983 2125 quod
1011 2083 1069 2116 ille
1094 2081 1193 2116 dedit
1219 2081 1271 2115 sic
1296 2092 1362 2125 pro
1388 2091 1491 2115 nam-

145 2139 216 2172 que
325 2135 383 2162 550
410 2131 500 2173 agat
518 2132 544 2161 F
571 2140 681 2173 agam
702 2132 726 2163 0
829 2136 885 2163 551
912 2128 961 2163 sit
985 2128 1091 2163 triste
1111 2128 1204 2164 Scal.
1232 2128 1262 2162 si
1288 2127 1397 2162 triste
1418 2131 1442 2161 0

145 2183 202 2209 552
229 2175 278 2209 sit
303 2176 430 2210 durior
448 2175 541 2210 Scal.
569 2176 599 2210 si
627 2176 752 2211 durior
772 2179 795 2209 0
894 2183 952 2209 554
978 2176 1094 2220 signis
1115 2179 1142 2209 G
1167 2175 1266 2220 signi
1286 2178 1346 2209 m.
1433 2181 1488 2208 557

145 2222 228 2256 aliis
249 2224 344 2258 Scal.
370 2222 465 2257 alius
486 2226 510 2256 0
574 2223 680 2257 adest
699 2223 773 2257 L²G
799 2225 855 2258 est
872 2223 953 2257 L¹M
1050 2230 1108 2256 559
1135 2223 1277 2257 variata
1297 2222 1370 2255 L²G
1394 2222 1490 2256 vari-

143 2271 244 2304 atam
265 2274 299 2303 M
333 2270 539 2304 variantam
558 2270 602 2303 1.¹
647 2275 730 2314 post
754 2271 785 2304 h.
811 2283 854 2305 υ.;
891 2270 989 2314 quod
1023 2280 1138 2304 anuos
1170 2281 1284 2304 unum
1316 2269 1488 2313 quodque

144 2317 290 2361 signum
310 2317 444 2351 tribuit
463 2321 528 2351 Mo
553 2319 643 2361 quot
663 2322 723 2352 cet.
745 2321 770 2350 1.
791 2319 831 2352 'in
851 2329 896 2352 m.
994 2324 1052 2350 560
1079 2316 1188 2352 docui
1210 2318 1328 2352 Bentl.
1357 2316 1442 2350 duci
1463 2319 1487 2349 0

190 2371 245 2397 561
273 2365 396 2399 veniat
417 2365 536 2399 Bentl.
566 2364 663 2398 venit
683 2368 706 2398 0
