1627 2517
174 103 229 144 28
572 103 763 137 MANILII
788 102 1133 138 ASTRONOMICA
1404 103 1484 139 Lib.
1504 105 1521 136 1

175 219 217 253 et.
247 226 353 253 nova
387 212 542 253 vicinis
571 212 821 266 flagrarunt
855 212 996 254 sidera
1026 212 1222 253 flammis

174 285 287 312 nunc
315 286 483 326 quoque
510 271 737 326 praeteriti
764 271 923 313 faciem
951 271 1186 313 referentia
1213 286 1346 313 casus.

101 347 151 372 τεο
172 345 248 371 nec
273 329 383 371 mihi
407 330 583 371 celanda
608 337 671 372 est
695 331 840 372 famae
865 331 1042 385 vulgata
1067 338 1256 373 vetustas

174 389 368 431 mollior:
406 405 426 430 e
456 389 581 431 niveo
610 390 735 432 lactis
765 390 949 432 fluxisse
978 390 1191 445 liquorem

172 456 341 502 pectore
374 449 550 503 reginae
582 448 733 491 divum
766 450 1017 504 caelumque
1050 449 1187 491 colore

173 508 376 549 infecisse
406 524 494 550 suo.
535 516 798 563 quapropter
826 508 988 550 lacteus
1018 509 1133 550 orbis

173 567 349 616 dicitur,
379 575 419 609 et
447 583 603 610 nomen
631 583 758 609 causa
787 568 1007 610 descendit
1034 568 1088 610 ab
1115 567 1224 622 ipsa.

99 644 149 669 755
174 641 228 667 an
260 626 398 668 maior
428 627 559 668 densa
593 627 816 669 stellarum
849 626 976 668 turba
1006 642 1159 669 corona

171 685 373 727 convexit
396 686 602 727 flammas
630 694 671 727 et
699 701 838 728 crasso
867 686 1031 728 lumine
1057 687 1224 735 candet,

173 753 215 786 et
242 745 416 799 fulgore
445 745 556 786 nitet
586 745 742 787 collato
771 745 927 787 clarior
956 745 1106 787 orbis?

171 819 225 844 an
256 805 392 846 fortes
423 804 594 846 animae
626 804 894 859 dignataque
924 804 1101 846 nomina
1132 804 1247 846 caelo

170 863 420 918 corporibus
445 864 631 905 resoluta
657 863 746 905 suis
771 870 994 919 terraeque
1018 863 1194 905 remissa

98 940 147 965 τεο
172 923 251 964 huc
280 923 473 977 migrant
504 938 555 964 ex
585 923 684 965 orbe
713 938 923 978 suumque
951 923 1200 964 habitantia
1227 922 1393 964 caelum

170 982 383 1024 aetherios
407 982 557 1024 vivunt
584 997 717 1024 annos
742 983 987 1037 mundoque
1011 982 1255 1024 fruuntur?

170 1048 297 1097 atque
321 1041 390 1083 hic
411 1041 642 1091 Aeacidas,
666 1041 735 1083 hic
757 1049 798 1083 et
820 1056 1072 1083 veneramur
1094 1040 1277 1082 Atridas

172 1100 473 1156 Tydidemque
497 1102 643 1143 ferum
668 1109 890 1156 terraeque
915 1100 1132 1155 marisque
1158 1099 1394 1155 triumphis

170 1167 348 1201 naturae
378 1160 583 1202 victorem
615 1160 815 1202 Ithacum
845 1159 1111 1214 Pyliumque
1141 1166 1308 1201 senecta

96 1236 145 1261 :65
169 1219 387 1273 insignem
412 1219 579 1274 triplici
604 1220 892 1274 Danaumque
918 1219 971 1261 ad
997 1219 1212 1273 Pergama
1234 1233 1369 1273 reges,

175 1280 327 1329 [castra
350 1279 509 1320 ducum
535 1286 575 1320 et
601 1278 708 1320 caeli
734 1278 978 1333 victamque
1003 1278 1080 1320 sub
1107 1278 1294 1319 Hectore
1319 1277 1511 1330 Troiam]

168 1338 450 1392 Auroraeque
477 1337 655 1391 nigrum
683 1345 857 1392 partum
886 1337 1150 1392 stirpemque
1180 1336 1391 1378 Tonantis

169 1405 374 1438 rectorem
408 1397 590 1451 Lyciae:
630 1411 705 1438 nec
737 1404 791 1446 te,
824 1396 1045 1438 Mavortia
1077 1397 1214 1449 virgo,

165 1463 430 1509 praeteream
459 1469 664 1512 regesque
692 1454 814 1504 alios,
846 1469 950 1509 quos
980 1454 1187 1496 Thraecia
1217 1454 1339 1496 misit

96 1532 147 1556 ττο
168 1524 296 1569 atque
321 1515 456 1555 Asiae
482 1522 631 1568 gentes
657 1522 697 1556 et
722 1514 890 1569 Magno
916 1514 1107 1555 maxima
1132 1513 1277 1556 Pella:

169 1574 330 1629 quique
358 1573 494 1615 animi
524 1574 634 1615 vires
662 1580 704 1615 et
731 1574 904 1615 strictae
931 1574 1121 1628 pondera
1149 1573 1307 1615 mentis

169 1633 400 1686 prudentes
422 1633 608 1675 habuere
631 1632 729 1682 viri,
754 1632 911 1687 quibus
935 1632 1074 1674 omnis
1098 1632 1141 1673 in
1165 1631 1270 1687 ipsis

168 1707 317 1733 census
379 1699 484 1742 erat,
517 1694 741 1747 iustusque
773 1691 904 1734 Solon
935 1692 1149 1746 fortisque
1181 1692 1420 1745 Lycurgus,

169 1751 471 1805 aetheriusque
496 1751 655 1793 Platon
680 1758 720 1793 et
746 1750 822 1805 qui
846 1751 1136 1792 fabricaverat
1160 1750 1285 1792 illum

226 1824 452 1878 wirtemes.
474 1843 489 1877 Ι
509 1848 571 1877 40:
601 1845 828 1888 ‘mundoque
855 1844 1043 1878 fruuntur'

226 1934 281 1960 748
307 1938 402 1961 nova
427 1927 576 1973 vicinis]
601 1928 724 1961 vicina
748 1928 852 1961 novis
879 1929 999 1962 Bentl.
1098 1933 1154 1960 749
1180 1926 1378 1960 referentia
1400 1928 1435 1958 u
1459 1935 1515 1959 re-

165 1974 327 2008 serantia
353 1973 428 2008 1.²G
459 1974 664 2009 reserentia
689 1974 731 2008 L¹
865 1981 922 2008 750
947 1973 1094 2008 celandi
1118 1974 1163 2008 1.¹
1236 1972 1390 2018 vulgata
1415 1971 1516 2013 fama

166 2023 311 2056 vetusta
329 2021 484 2056 Housm.
585 2028 641 2055 755
668 2021 783 2056 densa
805 2025 831 2054 G
858 2021 991 2056 densat
1010 2024 1073 2054 ΠΙ,
1170 2026 1226 2053 756
1252 2019 1424 2054 convexit
1441 2020 1516 2053 11¹0

164 2069 328 2103 contexit
352 2068 433 2102 ΡΠ
595 2075 652 2102 758
678 2069 829 2103 nomina
855 2073 882 2102 G
916 2068 1064 2103 nomine
1088 2068 1170 2101 10¹1
1204 2067 1357 2101 numina
1381 2066 1426 2100 1.²
1460 2066 1514 2100 lu-

163 2116 263 2150 mina
290 2120 312 2149 c
410 2122 467 2149 760
493 2127 564 2160 que
590 2127 656 2150 om.
684 2119 719 2148 M
829 2123 881 2149 761
907 2115 1074 2150 feruntur
1098 2115 1150 2148 1¹
1176 2114 1364 2159 (fruuntur
1389 2114 1429 2148 in
1455 2117 1515 2157 m.)

212 2170 268 2197 7⁰2
294 2173 511 2198 veneramur
537 2167 560 2196 0
586 2164 809 2197 venerantur
835 2167 857 2196 c
960 2169 1017 2196 766
1042 2161 1311 2207 Tydidemque]
1338 2161 1514 2195 Tididen-

163 2222 234 2253 que
260 2214 295 2244 M
320 2210 557 2253 Titidemque
582 2214 639 2244 LG
749 2217 803 2243 764
830 2209 1066 2255 Pyliumque]
1093 2208 1304 2253 Piliumque
1329 2212 1364 2242 Μ
1389 2207 1513 2242 Ilium-

163 2268 233 2300 que
260 2262 316 2291 LG
341 2260 399 2301 (ss.
427 2257 635 2300 Nestorem)
782 2264 838 2291 766
864 2257 991 2292 delevit
1015 2257 1109 2292 Scal.
1249 2263 1306 2289 769
1332 2255 1515 2290 Thraecia

163 2305 316 2340 Housm.
345 2305 500 2340 Graecia
526 2308 587 2338 ΠΙ,
614 2304 746 2339 Grecia
773 2308 800 2338 G
929 2311 983 2338 771
1010 2304 1161 2339 sta-ictae
1186 2303 1352 2347 pondera
1376 2303 1514 2337 montis

165 2353 284 2386 Benn.
314 2352 463 2386 strictas
489 2352 652 2396 pondere
678 2354 821 2386 mentes
842 2355 866 2385 0
893 2351 1042 2394 (mentis
1062 2355 1111 2386 Μ)
1210 2357 1266 2384 774
1293 2352 1330 2384 et
1349 2353 1375 2383 F
1401 2360 1468 2384 nec
1489 2352 1513 2382 0
