1627 2517
133 439 185 465 580

133 735 184 760 585

135 1031 186 1056 590

135 1327 186 1353 595

137 1624 189 1648 600

204 76 287 118 162
598 73 788 109 MANILII
814 71 1156 108 ASTRONOMICA
1421 68 1498 104 Lib.
1519 68 1552 103 V

200 183 392 226 destinat
418 183 464 224 in
492 183 704 224 thalamos
731 196 806 237 per
833 181 992 223 bellum
1021 180 1172 221 vadere
1201 178 1338 234 ponti,

204 243 340 285 altera
366 242 404 284 si
432 242 580 296 Gorgo
608 241 767 291 veniat,
797 255 882 282 non
910 239 1087 282 territus
1116 239 1194 280 ira.

201 302 389 344 concitat
413 301 551 343 aerios
576 316 722 343 cursus
746 300 982 354 flentisque
1007 297 1199 354 parentis

202 361 417 416 promissu
447 360 561 402 vitae
590 365 752 401 recreat
781 365 1015 414 pactusque
1046 357 1248 398 maritam

205 421 258 462 ad
283 420 388 462 litus
414 425 587 461 remeat.
624 417 829 473 gravidus
853 418 940 459 iam
966 432 1140 471 surgere
1166 422 1323 471 pontus

205 485 402 534 coeperat
424 493 472 520 ac
495 478 625 532 longo
648 477 881 532 fugiebant
903 476 1078 531 agmine
1102 476 1266 517 fluctus

204 538 470 593 impellentis
496 552 602 579 onus
629 536 825 578 monstri.
861 542 991 591 eaput
1017 535 1178 578 eminet
1204 534 1340 576 undas

205 597 456 647 scindentis,
480 597 744 652 pelagusque
768 595 916 645 vomit,
941 594 1227 636 circumsonat
1249 607 1408 648 aequor

202 656 421 706 dentibus,
441 655 573 711 inque
593 656 686 710 ipso
708 654 909 710 rapidum
929 669 1045 695 mare
1065 653 1243 707 navigat
1265 667 1349 694 ore.

207 716 307 757 hino
335 715 445 757 vasti
475 721 659 769 surgunt
686 713 910 755 immensis
937 713 1163 768 torquibus
1191 712 1324 762 orbes,

207 781 412 829 tergaque
441 779 698 815 consumunt
727 773 930 828 pelagus3
968 778 1091 814 sonat
1121 770 1311 826 undique
1341 770 1546 824 Phorcys,

206 840 335 888 atque
361 833 447 888 ipsi
475 839 675 875 metuunt
701 839 867 874 montes
894 831 1144 886 scopulique
1170 835 1377 872 ruentem.

207 892 366 934 infelix
391 892 528 946 virgo,
554 891 751 946 quamvis
775 891 852 932 sub
876 890 1046 932 vindice
1071 896 1205 940 tanto,

207 967 315 1007 quae
335 959 409 993 tua
430 958 532 993 tuno
550 952 696 993 fuerat
716 950 851 992 facies
869 950 886 989 ?
907 964 1035 1005 quam
1057 948 1179 1003 fugit
1198 948 1245 989 in
1265 962 1390 989 auras

208 1010 410 1066 spiritus!
449 1017 497 1052 ut
524 1017 614 1052 toto
642 1015 872 1051 caruerunt
900 1008 1111 1062 sanguine
1139 1007 1343 1057 membra,

207 1085 303 1112 oum
331 1076 407 1111 tua
433 1070 528 1110 fata
554 1069 671 1110 cavis
699 1084 721 1110 e
747 1068 929 1123 rupibus
957 1068 1053 1123 ipsa
1079 1067 1257 1117 videres,

207 1130 524 1183 adnantemque
553 1127 637 1169 tibi
667 1143 848 1183 poenam
877 1127 1143 1182 pelagusque
1169 1125 1400 1167 ferentem!

207 1188 417 1243 quantula
441 1188 600 1242 praeda
624 1187 776 1228 maris!
813 1185 988 1241 quantis
1012 1185 1081 1227 hio
1105 1184 1301 1227 subvolat
1327 1183 1407 1226 alis

209 1247 390 1288 Perseus
415 1254 458 1288 et
483 1247 598 1288 caelo
626 1246 815 1301 pendens
841 1245 1056 1287 iaculatur
1081 1243 1129 1285 in
1158 1244 1322 1285 hostem

208 1306 438 1360 Gorgoneo
470 1305 656 1347 tinctum
687 1304 888 1359 defigens
920 1304 1130 1358 sanguine
1162 1303 1341 1344 ferrum.

209 1365 287 1406 illa
315 1364 433 1406 subit
461 1371 608 1406 contra
637 1378 841 1418 versoque
870 1378 894 1404 a
923 1363 1098 1417 gurgite
1128 1363 1319 1403 frontem

208 1424 342 1478 erigit
364 1430 406 1466 et
427 1423 554 1465 tortis
576 1423 768 1464 innitens
791 1422 966 1464 orbibus
989 1422 1074 1463 alte

208 1484 366 1525 emicat
393 1497 440 1524 ao
469 1488 559 1524 toto
588 1481 788 1524 sublimis
816 1496 989 1536 corpore
1015 1481 1170 1522 fertur.

209 1543 281 1584 sed
307 1549 518 1598 quantum
544 1542 623 1582 illa
647 1541 765 1583 subit
790 1547 922 1582 semet
946 1540 1135 1581 iaculata
1160 1539 1393 1594 profundo,

210 1602 257 1643 in
280 1608 451 1644 tantum
476 1601 638 1642 revolat
661 1600 895 1654 laxumque
919 1614 994 1654 per
1018 1599 1190 1640 aethera
1215 1597 1331 1640 ludit

268 1679 325 1706 577
353 1671 410 1705 ira
431 1673 455 1704 0
482 1670 535 1704 ire
554 1674 581 1703 1⁴*
664 1676 722 1703 579
748 1668 932 1713 promissu
954 1669 1039 1714 Rey.
1067 1667 1289 1712 promissum
1310 1669 1334 1700 0
1384 1666 1560 1700 maritam

210 1721 318 1755 Bech.
351 1717 528 1753 maritum
550 1721 574 1751 0
702 1723 762 1750 580
787 1716 862 1751 iam
883 1719 918 1749 M
948 1727 1035 1749 nam
1055 1719 1112 1749 LG
1243 1720 1298 1748 581
1325 1723 1369 1748 ac
1388 1714 1434 1748 L.
1457 1714 1558 1748 Illae.

210 1768 276 1802 aut
296 1770 320 1800 0
419 1772 477 1799 582
502 1765 621 1799 undas
641 1768 668 1798 F
693 1764 803 1798 undis
824 1767 848 1797 0
952 1769 1011 1797 588
1037 1761 1252 1796 scandentis
1272 1761 1393 1797 Bentl.
1444 1761 1562 1795 vomit

211 1815 330 1850 Bentl.
366 1813 481 1847 movit
499 1816 534 1847 M
570 1812 693 1847 movet
710 1815 767 1845 LG
941 1817 1000 1844 584
1035 1810 1190 1854 navigat
1216 1820 1278 1843 ore
1297 1808 1372 1842 1.²G
1406 1807 1560 1853 naviga.-

210 1864 329 1896 torem
347 1861 429 1894 L¹M
550 1866 608 1893 585
634 1858 732 1894 vasti
759 1860 918 1903 surgunt
937 1859 1058 1893 Bentz.
1085 1856 1200 1891 vastis
1225 1858 1361 1900 urgent
1381 1858 1405 1889 0
1503 1861 1562 1889 588

211 1909 497 1952 consumpmunt
515 1908 559 1940 L¹
681 1906 842 1950 Phorcys
871 1907 967 1941 Voss.
994 1905 1113 1940 sortus
1133 1907 1169 1937 M
1199 1903 1306 1938 fortis
1326 1906 1382 1936 LG
1407 1902 1517 1936 foreis
1538 1906 1560 1936 c

211 1956 330 2001 Syrtis
349 1959 376 1988 F
474 1961 529 1988 587
558 1955 638 1999 ipse
657 1955 702 1988 L¹
809 1960 867 1987 589
893 1964 1005 1997 quam
1026 1953 1148 1987 Bentl.
1175 1962 1268 1995 quas
1287 1950 1367 1984 111¹
1393 1960 1468 1993 qua
1485 1950 1561 1983 11²0

258 2014 367 2039 auras
389 2002 476 2048 Rey.
503 2013 594 2036 aura
614 2005 641 2035 G
667 2011 756 2035 auro
778 2004 838 2034 m.
983 2006 1041 2033 592
1067 1998 1314 2044 pelagusque]
1341 1999 1560 2042 pestemque

212 2053 278 2087 Br.
362 2057 422 2084 593
447 2049 598 2093 quantis
617 2049 694 2095 hie]
717 2048 864 2092 quanti!
886 2047 947 2082 hic
967 2048 1033 2082 Br.
1059 2046 1201 2091 plausis
1221 2045 1283 2080 hic
1303 2044 1423 2080 Bentl.
1450 2055 1560 2089 quas·

212 2099 262 2134 sis
288 2098 349 2132 hic
371 2099 499 2143 Pinyr.
527 2096 718 2140 quantulis
745 2096 804 2130 hic
825 2095 868 2128 1.²
935 2094 1004 2129 alis
1024 2097 1084 2127 m.
1112 2092 1222 2127 undis
1243 2096 1270 2126 G
1413 2098 1472 2125 595
1498 2091 1560 2126 de-

212 2147 354 2191 fingens
374 2149 399 2179 L
491 2151 549 2178 596
574 2154 751 2187 versoque
772 2143 880 2178 Bech.
905 2152 1084 2185 versaque
1104 2144 1128 2174 0
1154 2150 1372 2183 versamque
1392 2138 1512 2174 Bentl.

213 2205 234 2228 a
267 2193 416 2239 gurgite
447 2191 607 2226 frontem
629 2192 750 2226 Bentl.
789 2189 940 2235 agurgit
972 2188 1109 2223 effonte
1129 2192 1164 2222 M
1197 2187 1341 2232 asurgit
1366 2197 1389 2221 a
1413 2186 1516 2220 fonte
1535 2189 1561 2218 1.

213 2241 376 2285 assurgit
401 2250 423 2273 a
449 2240 553 2274 sonte
573 2242 600 2272 G
715 2245 771 2271 597
799 2236 907 2271 tortis
927 2240 962 2270 Η
989 2236 1098 2270 sortis
1116 2239 1142 2269 L
1170 2235 1277 2270 fortis
1298 2238 1326 2268 G
1375 2233 1450 2268 alte
1470 2233 1558 2278 Req.

215 2289 301 2323 altis
322 2291 346 2321 0
468 2293 526 2320 599
553 2287 669 2320 semet
690 2285 803 2320 Gron.
830 2294 974 2328 semper
995 2287 1019 2317 0
1046 2293 1158 2327 seque
1185 2281 1371 2317 eiaculata
1391 2281 1511 2316 Bentl.

212 2343 272 2370 ooo
298 2335 498 2378 laxumque
524 2344 589 2378 per
609 2332 689 2366 m)
715 2332 841 2366 laxum
867 2342 934 2376 per
951 2331 996 2365 1.¹
1022 2331 1148 2365 laxum
1173 2340 1239 2375 per
1263 2330 1301 2364 et
1320 2332 1347 2362 G
