1627 2517
81 108 113 132 v.
134 101 200 132 817
208 100 321 131 —868
474 95 660 130 MANILII
686 95 910 130 ASTRONO
918 95 1030 130 MICA
1374 95 1428 136 67

144 219 218 245 nec
241 210 467 246 contentus
489 203 574 245 eris
597 210 796 258 percepto
818 202 994 244 cardine
1018 217 1259 258 quoquam;

83 263 315 305 intervalla
335 263 469 305 etiam
489 262 668 304 memori
691 269 791 304 sunt
813 268 957 303 mente
979 263 1169 303 notanda

83 337 158 377 per
186 323 328 364 maius
355 322 550 364 dimensa
579 337 676 363 suas
704 321 931 363 reddentia
960 321 1085 363 vires.

83 381 293 437 quicquid
319 381 372 423 ab
397 388 549 423 exortu
575 396 792 422 summum
819 388 1022 422 curvatur
1048 381 1094 422 in
1119 381 1280 430 orbem,

83 441 239 482 aetatis
269 441 436 496 primae
466 440 767 495 nascentisque
799 439 950 482 asserit
982 455 1128 482 annos,

82 501 196 555 quod
223 515 390 542 summo
416 500 631 555 premitur
658 500 869 541 devexum
897 499 1086 541 culmine
1114 500 1281 549 mundi,

82 560 215 601 donec
242 560 297 601 ad
323 574 518 601 occasum
546 559 706 608 veniat,
736 559 981 614 puerilibus
1009 559 1136 600 annis

81 618 271 660 succedit
299 625 577 673 teneramque
605 618 719 672 regit
748 618 826 660 sub
856 619 953 660 sede
982 618 1218 660 iuventam.

82 693 192 733 quae
217 693 317 733 pars
343 693 515 720 occasus
542 678 661 719 infra
689 684 752 719 est
778 677 1004 732 imumque
1030 678 1106 719 sub
1134 678 1281 719 cibem

80 737 317 788 descendit,
339 737 454 791 regit
475 737 577 779 haec
599 743 794 779 maturae
816 744 1012 802 tempora
1033 737 1148 778 vitae

82 803 124 838 et
149 797 327 852 propria
352 796 463 838 serie
488 797 693 851 varioque
721 796 909 838 exercita
936 811 1075 838 cursu.

81 862 126 897 at
157 871 241 911 qua
271 855 506 911 perficitur
537 871 684 897 cursus
716 855 938 897 redeuntis
969 856 1022 897 ab
1052 855 1155 905 imo,

80 915 205 957 tarda
236 915 490 970 supinatum
520 915 693 956 lassatis
724 915 890 957 viribus
922 930 1068 956 arcum

80 975 311 1016 ascendens
344 989 456 1016 seros
489 975 662 1016 demum
697 974 1000 1029 complectitur
1034 989 1182 1024 annos,

79 1033 381 1088 labentemque
409 1034 526 1075 diem
555 1034 670 1075 vitae
700 1034 1018 1089 tremulamque
1048 1040 1275 1075 senectam.

140 1108 264 1135 omne
290 1093 467 1148 quidem
492 1093 668 1146 signum
695 1093 773 1134 sub
800 1093 1105 1148 qualicumque
1130 1093 1281 1147 figura

79 1152 278 1207 partibus
303 1152 508 1194 inficitur
532 1152 708 1202 mundi;
741 1152 858 1193 locus
883 1153 1070 1207 imperat
1095 1152 1223 1194 astris

80 1218 122 1253 et
148 1212 270 1253 dotes
296 1226 540 1266 noxamque
567 1211 702 1261 facit3
739 1218 969 1253 vertuntur
997 1211 1044 1252 in
1072 1211 1216 1253 orbem

79 1270 255 1324 singula
279 1277 321 1312 et
344 1270 566 1325 accipiunt
590 1270 702 1312 vires
727 1271 928 1325 caeloque
953 1271 1198 1312 remittunt.

78 1329 217 1371 vincit
249 1330 365 1371 enim
396 1337 553 1371 natura
586 1345 722 1384 genus
755 1331 958 1396 legesque
990 1330 1213 1372 ministrat

77 1388 287 1431 finibus
275 1405 323 1430 1n
348 1389 538 1444 piopriis
565 1396 607 1431 et
631 1389 956 1444 piaeteieuntia
983 1389 1102 1443 cogit

79 1463 166 1490 esse
195 1449 262 1490 sui
290 1449 436 1498 moris,
466 1449 585 1490 vario
614 1464 727 1490 nunc
755 1449 829 1490 div
833 1464 874 1490 es
903 1449 1075 1499 honore

78 1522 191 1549 nunc
222 1508 399 1558 sterilis,
430 1523 613 1563 poenam
646 1508 881 1549 referentia
914 1508 1055 1550 sidera
1087 1508 1212 1549 sedis.

79 1582 188 1622 quae
212 1582 340 1622 super
362 1574 561 1609 exortum
586 1574 648 1609 est
673 1583 697 1609 a
722 1583 888 1609 summo
913 1568 1045 1609 tertia
1068 1567 1199 1617 caelo,

78 1625 240 1667 infelix
265 1627 386 1680 regio
410 1627 621 1681 rebusque
646 1626 828 1668 inimica
853 1626 1019 1668 futuris

79 1692 122 1727 et
145 1685 255 1727 vitio
278 1686 466 1727 fecunda
490 1685 646 1737 nimis;
680 1701 755 1727 nec
781 1687 885 1735 sola,
911 1686 984 1727 sed
1009 1685 1078 1726 illi

78 1759 157 1799 par
187 1745 284 1795 erit,
315 1745 492 1786 adverso
523 1760 633 1799 quae
662 1745 809 1799 fulget
840 1745 979 1786 sidere
1009 1745 1125 1787 sedes

79 1804 228 1845 iuncta
254 1803 332 1845 sub
360 1819 532 1854 occasu3
567 1805 634 1845 vel
662 1805 870 1858 praestite
896 1804 1071 1846 cardine
1098 1804 1251 1846 mundi

136 1926 192 1953 841
217 1919 342 1962 quoda
361 1923 396 1952 Μ
480 1926 538 1953 844
565 1920 649 1962 quic
675 1920 774 1963 quod
795 1921 839 1953 L¹
923 1926 982 1953 845
1010 1920 1160 1955 aestatis
1182 1925 1209 1954 G
1282 1927 1337 1954 847
1366 1931 1423 1955 oc-

76 1977 204 2000 casum
217 1970 259 2012 V
285 1978 434 2001 occasus
450 1970 473 2000 0
571 1974 630 2000 819
657 1978 752 2011 quae
766 1967 854 2012 Req.
875 1979 948 2011 qua
969 1971 993 2001 0
1042 1967 1141 2001 infra
1163 1967 1303 2014 <est>'
1293 1979 1424 2001 imum—

76 2024 148 2056 que
162 2014 281 2049 Bentl.
301 2013 589 2058 interimumque
604 2018 629 2047 L
655 2014 969 2058 interminumque
983 2018 1018 2047 M
1037 2015 1251 2049 intel-imum
1272 2025 1383 2059 quam
1399 2019 1426 2048 G

124 2067 184 2094 850
208 2061 305 2105 regit
329 2062 420 2096 haec
445 2064 615 2097 maturae
636 2066 657 2095 c
684 2062 853 2096 maturae
879 2064 1050 2106 (mature)
1077 2062 1175 2107 regit
1194 2063 1303 2096 ML¹G
1327 2062 1426 2107 regit

76 2111 219 2142 mature
244 2111 303 2152 (ss.
329 2108 474 2154 11ο(;>Ι,2
570 2116 626 2143 851
653 2111 690 2143 et
715 2109 866 2153 propria
892 2111 997 2154 serie]
1026 2111 1065 2143 at
1089 2122 1125 2154 p.
1153 2121 1179 2144 s.
1202 2114 1229 2143 G
1260 2112 1316 2143 set
1341 2120 1424 2152 pro-

76 2166 166 2199 pera
186 2155 280 2189 serie
300 2155 399 2190 Ellis
542 2163 600 2190 852
625 2157 815 2191 redeuntis
837 2156 883 2191 ab
905 2158 1004 2192 Ellis
1028 2157 1206 2191 redeunte
1227 2157 1295 2191 sub
1316 2156 1426 2190 ML¹G

74 2202 248 2237 redeunti
273 2202 341 2237 sub
361 2202 405 2236 1.²
542 2210 600 2237 859
627 2204 810 2247 cardoque
829 2207 865 2237 M
995 2211 1054 2238 860
1079 2204 1230 2249 natura]
1256 2203 1425 2248 positura

75 2250 187 2284 Jacob
284 2257 342 2284 863
366 2259 527 2294 poenam
551 2251 750 2285 referentia
770 2252 889 2286 Bentl.
915 2262 1148 2296 poenamque
1173 2250 1331 2285 ferentia
1352 2254 1376 2284 0

77 2295 183 2331 seclis
204 2300 232 2330 G-
374 2303 432 2330 8⁰8
458 2297 515 2331 vel
539 2299 684 2334 Garrod
710 2310 781 2333 neu
803 2302 826 2332 0
899 2299 1078 2343 praestite
1098 2299 1213 2334 Jacob
1237 2299 1379 2342 prestet
1397 2302 1425 2332 1.

75 2343 209 2387 prestit
227 2347 262 2377 M
285 2345 453 2388 praestat
473 2348 500 2378 G

1165 2403 1210 2437 ὁ*

1449 756 1500 781 850

1448 1051 1499 1077 855

1447 1347 1499 1372 860

1446 1643 1496 1669 865
