1627 2517
46 144 79 166 v.
101 134 288 166 524-580
432 129 620 164 MANlLII
646 127 992 164 ASTRONOMICA

49 240 166 282 binis
189 240 461 294 aequandum
483 245 546 279 est
568 237 721 292 signis,
745 253 817 279 sex
840 244 962 278 tanta
984 237 1193 278 rotundae

50 299 262 340 efficiunt
294 299 437 340 orbem
470 313 612 347 zonae,
647 312 732 351 qua
764 297 890 351 signa
922 298 1125 338 feruntur

49 358 116 400 bis
149 373 220 399 sex
253 357 424 412 aequali
458 357 599 412 spatio
631 356 822 398 texentia
856 356 1035 397 caelum.

49 432 125 458 nec
155 417 311 458 mirere
337 431 468 470 vagos
497 422 647 470 partus
677 416 824 457 eadem
855 430 941 457 esse
969 431 1043 470 per
1072 422 1188 456 astra

50 483 92 517 et
123 477 311 517 mixtum
340 475 511 529 ingenti
545 474 715 529 generis
744 474 996 516 discrimine
1026 475 1184 520 fatum,

49 535 224 589 singula
247 550 345 576 cum
368 540 540 576 tantum
564 540 740 576 teneant
764 540 973 588 tant-oque
994 534 1193 574 ferantur

48 603 262 649 tempore:
297 609 369 635 sex
395 600 487 635 tota
513 593 738 647 surgentia
765 592 906 635 sidera
931 594 1024 634 luce

552 694 571 713 *
660 694 679 712 *
768 694 785 712 *
876 692 894 713 *

108 765 239 800 restat
262 766 308 800 ut
333 758 546 800 aetherios
567 757 683 799 fines
705 757 790 799 tibi
813 758 987 799 reddere
1008 773 1132 798 coner

45 817 213 873 filaque
243 817 468 872 dispositis
497 817 662 859 vicibus
692 816 947 858 comitantia
973 816 1139 858 caelum

48 891 124 931 per
153 892 260 931 quae
288 876 501 930 dirigitur
530 875 754 930 signorum
782 876 1016 917 flammeus
1044 876 1160 917 ordo.

52 936 251 988 [circulus
278 951 303 977 a
328 951 495 977 summo
522 941 766 977 nascentem
793 934 951 976 vertice
977 935 1188 976 mundum

46 1001 239 1049 permeat
263 995 588 1050 Arctophylaca
610 1001 761 1049 petens
786 1010 861 1049 per
886 1001 1008 1048 terga
1034 994 1246 1047 draconis]

47 1054 234 1096 circulus
259 1054 313 1096 ad
339 1054 510 1095 boream
536 1054 782 1108 fulgentem
810 1053 995 1095 sustinet
1021 1053 1188 1095 Arcton

49 1128 206 1168 sexque
236 1113 359 1167 fugit
391 1113 551 1154 solidas
583 1128 607 1154 a
637 1113 744 1154 caeli
778 1113 938 1154 vertice
966 1119 1122 1167 partes.

48 1172 156 1213 alter
188 1172 241 1213 ad
275 1172 457 1212 extremi
490 1172 716 1212 decurrens
747 1172 889 1212 sidera
922 1172 1091 1219 Cancri,

48 1232 95 1272 in
126 1246 209 1286 quo
238 1237 507 1272 consummat
537 1230 738 1272 Phoebus
767 1231 993 1285 lucemque
1021 1245 1270 1285 moramque

47 1291 257 1345 tardaque
285 1305 361 1345 per
390 1290 542 1344 longos
572 1290 825 1331 circumfert
856 1289 1024 1331 lumina
1055 1290 1214 1340 flexus,

49 1349 261 1391 aestivum
290 1349 433 1391 medio
461 1364 616 1391 nomen
646 1348 730 1390 sibi
760 1349 894 1391 sumit
923 1349 976 1391 ab
1005 1356 1125 1390 aestu

48 1408 255 1463 temporis
281 1415 323 1450 et
350 1408 482 1450 titulo
508 1408 677 1463 potitur
703 1415 949 1463 metamque
977 1408 1164 1450 volantis

46 1467 147 1508 solis
178 1473 220 1509 et
251 1474 463 1509 extremos
495 1467 696 1522 designat
725 1467 924 1509 fervidus
955 1474 1073 1509 actus

48 1533 90 1567 et
118 1526 310 1581 quinque
335 1525 384 1567 in
411 1532 554 1581 partes
582 1526 801 1581 aquilonis
827 1527 964 1568 distat
991 1526 1044 1568 ab
1071 1527 1184 1568 orbe.

47 1586 203 1627 tertius
225 1584 275 1626 in
298 1585 443 1627 media
468 1585 621 1627 mundi
646 1585 821 1639 regione
846 1586 1011 1627 locatus

47 1644 219 1699 ingenti
252 1644 370 1700 spira
402 1651 542 1686 totum
574 1645 820 1699 praecingit
853 1644 1093 1700 Olympum

46 1710 169 1758 parte
195 1703 248 1745 ab
274 1710 456 1758 utraque
482 1703 633 1745 videns
659 1719 798 1753 axem,
827 1719 911 1759 quo
936 1703 1080 1745 limite
1106 1704 1306 1746 Phoebus

47 1762 268 1817 componit
292 1762 470 1817 paribus
494 1763 685 1804 numeris
710 1770 965 1818 noctemque
988 1762 1191 1818 diemque

47 1821 159 1863 veris
182 1828 223 1863 et
245 1821 445 1863 autumni
468 1836 642 1863 currens
664 1837 739 1877 per
760 1829 954 1877 tempora
976 1823 1130 1872 mixta,

47 1889 143 1922 cum
170 1880 363 1922 medium
389 1879 561 1936 aequali
589 1880 827 1935 distinguit
853 1881 995 1923 limite
1021 1882 1187 1924 caelum

1339 128 1391 169 21

1416 313 1466 337 555

1415 608 1467 633 560

1415 1011 1466 1035 565

1415 1603 1465 1627 575

1413 1897 1466 1922 580

103 1956 160 1983 554
186 1951 295 1984 tanta
313 1949 388 1983 L²G
412 1951 557 1984 tantam
577 1949 620 1982 L¹
645 1951 747 1984 tante
767 1954 802 1983 M
875 1957 933 1984 558
959 1949 1075 1984 fatum
1096 1954 1152 1984 LG
1175 1950 1293 1985 fetum
1314 1953 1348 1983 M

46 2001 104 2029 559
130 1996 295 2043 singula]
322 1996 431 2042 signa,
456 2000 491 2030 M
630 2003 689 2030 560
708 2002 792 2042 post
818 1997 900 2032 luce
926 2009 1065 2033 versum
1091 1998 1264 2033 excidisse
1288 2002 1396 2042 putat

42 2043 156 2078 Jacob
224 2043 270 2079 de
296 2043 431 2078 coluris
457 2048 513 2078 LG
539 2046 592 2089 (in
617 2055 662 2079 m.
690 2056 787 2080 man.
813 2046 894 2089 rec.)
927 2045 972 2079 de
998 2045 1145 2079 circulis
1172 2045 1395 2080 caelestibus

43 2090 89 2124 de
115 2089 250 2125 coluris
269 2094 305 2125 M
401 2098 555 2125 564-565
581 2092 708 2127 delevit
727 2092 842 2135 Scal.;
861 2096 945 2137 post
971 2095 1043 2127 565
1069 2093 1110 2126 in
1129 2096 1179 2127 M:
1207 2092 1332 2136 tangit
1357 2093 1394 2126 et

45 2136 228 2180 Origenen
253 2138 338 2184 (leye
364 2137 563 2184 Erigonen)
590 2138 777 2173 chelarum
805 2150 947 2174 summa
971 2139 1110 2184 regidit
1135 2141 1221 2185 (leye
1245 2138 1394 2181 recidit)

43 2195 179 2228 sexque
203 2185 302 2230 fugit
326 2185 463 2220 solidas
490 2185 584 2220 caeli
609 2186 745 2221 vertice
770 2188 909 2231 partes;
943 2187 1072 2221 deinde
1096 2190 1296 2230 sequuntur
1323 2188 1395 2220 612

45 2235 165 2267 —926
308 2239 366 2266 5⁰6
392 2237 475 2278 post
499 2233 533 2268 h.
559 2245 608 2268 v.:
644 2233 689 2267 de
715 2234 904 2278 parallelis
932 2234 1079 2268 circulis
1106 2237 1170 2267 MG
1202 2234 1255 2277 (in
1280 2235 1340 2275 m.)

43 2284 98 2312 571
125 2279 305 2314 aestivom
324 2280 376 2312 M¹
449 2287 507 2314 572
532 2282 745 2324 metamque
771 2282 892 2315 Bentl.
916 2283 1090 2324 metaque
1111 2284 1134 2314 0
1208 2287 1266 2313 576
1293 2279 1394 2324 spira,

44 2325 136 2360 Scaz.
164 2337 271 2371 spera
291 2330 315 2360 0
401 2333 457 2360 577
485 2338 558 2371 quo
584 2327 704 2361 limite
725 2328 817 2363 Seal.
845 2340 916 2372 quo
942 2328 1081 2362 lumine
1103 2331 1126 2361 0
1153 2338 1228 2370 qua
1252 2327 1393 2361 lumine

44 2372 197 2408 Housm.
295 2380 354 2407 580
378 2374 502 2409 medio
529 2375 574 2408 G¹
622 2375 743 2409 limite
769 2379 831 2409 ML
856 2375 995 2409 lumine
1016 2379 1043 2408 G
