1627 2517
179 91 206 129 4
572 91 756 125 MANILII
784 90 1125 126 ASTRONOMICA
1413 90 1492 125 Lib.
1516 89 1531 123 1

183 199 357 241 seducta
387 200 432 241 in
460 199 601 241 varias
629 206 847 241 certarunt
875 206 1046 254 pectora
1075 215 1209 246 curas,

183 264 225 299 et
258 258 556 313 quodcumque
588 274 721 312 sagax
756 259 1007 313 temptando
1039 260 1227 314 repperit
1265 275 1376 308 usus,

182 317 228 358 in
257 332 481 359 commune
508 318 667 359 bonum
695 325 985 360 commentum
1013 319 1125 359 laeta
1154 319 1378 360 dederunt.

125 393 159 417 ετ»
183 383 284 417 tunc
318 383 358 417 et
392 376 545 430 lingua
580 392 677 418 suas
710 377 874 432 accepit
910 377 1090 419 barbara
1124 377 1252 431 leges,

183 441 225 476 et
246 436 342 476 fera
363 435 546 477 diversis
569 436 756 477 exercita
780 436 985 490 frugibus
1008 451 1122 485 arva,

183 500 224 535 et
251 509 385 548 vagus
411 494 458 535 in
484 510 655 536 caecum
682 494 925 550 penetravit
952 496 1099 537 navita
1126 502 1321 550 pontum,

183 553 291 595 fecit
317 560 358 595 et
382 553 546 607 ignotis
571 554 702 595 itiner
726 554 979 596 commercia
1005 554 1143 596 terris.

184 618 277 654 tum
310 612 414 653 belli
446 613 648 667 pacisque
681 621 793 654 artes
825 620 1065 655 commenta
1097 620 1309 663 vetustas:

126 689 161 713 90
184 686 350 726 semper
372 672 489 713 enim
510 687 560 713 ex
583 672 683 713 aliis
705 672 813 714 alias
835 673 1097 727 proseminat
1119 687 1232 714 usus.

181 745 233 771 ne
264 730 442 784 vulgata
474 746 646 772 canam:
684 732 860 785 linguas
892 731 1080 773 didicere
1112 732 1345 780 volucrum,

183 790 424 831 consultare
444 790 584 831 fibras
604 797 645 832 et
666 805 863 845 rumpere
883 791 1058 832 vocibus
1079 805 1252 844 angues,

185 848 420 890 sollicitare
446 849 618 890 umbras
641 849 863 904 imumque
887 850 1135 891 Acheronta
1162 865 1328 891 movere

185 907 232 948 in
262 915 514 962 noctemque
543 908 648 957 dies,
679 908 725 949 in
754 909 893 950 lucem
923 915 1084 950 vertere
1113 916 1268 950 noctes.

128 985 161 1010 95
184 966 329 1007 omnia
350 967 541 1008 conando
560 967 713 1008 docilis
733 967 923 1009 sollertia
943 968 1061 1009 vicit.

182 1039 260 1066 neo
287 1026 408 1080 prius
436 1026 646 1081 imposuit
674 1026 799 1068 rebus
826 1026 1050 1082 finemque
1080 1042 1353 1082 manumque,

183 1099 312 1139 quam
337 1085 502 1126 caelum
526 1086 719 1127 ascendit
743 1085 855 1127 ratio
879 1086 1078 1141 cepitque
1103 1087 1364 1140 profundam

183 1151 383 1185 naturam
411 1159 555 1185 rerum
579 1144 717 1186 causis
744 1145 942 1200 viditque
964 1145 1077 1200 quod
1107 1160 1287 1200 usquam
1317 1152 1401 1195 est;

183 1203 334 1244 nubila
358 1218 432 1245 cur
458 1210 578 1244 tanto
603 1210 883 1258 quaterentur
907 1205 1032 1259 pulsa
1055 1205 1243 1258 fragore,

110 1280 161 1305 ιοο
184 1261 364 1303 hiberna
388 1262 552 1304 aestiva
574 1263 650 1303 nix
675 1263 886 1316 grandine
910 1263 1082 1304 mollior
1106 1270 1226 1311 esset,

182 1321 380 1361 ardeient
407 1327 544 1362 terrae
569 1322 817 1376 solidusque
843 1329 1111 1363 tremesceret
1137 1321 1264 1371 orbis,

181 1394 255 1420 cur
277 1379 436 1421 imbres
457 1387 641 1430 ruerent,
664 1396 688 1420 v
692 1388 811 1422 entos
833 1395 941 1435 quae
961 1395 1087 1422 eausa
1108 1389 1308 1424 moveret

182 1438 373 1503 pervidit
399 1439 612 1493 solvitque
637 1439 796 1480 animis
821 1439 1029 1481 miracula
1055 1455 1196 1481 ierum

183 1497 431 1552 eripuitque
454 1498 547 1539 Iovi
567 1498 736 1539 fulmen
757 1498 951 1564 viresque
971 1499 1162 1540 tonantis

109 1576 159 1601 105
183 1563 224 1597 et
254 1556 444 1598 sonitum
473 1557 612 1598 ventis
641 1557 860 1606 concessit,
891 1557 1079 1599 nubibus
1108 1558 1268 1612 ignem.

183 1630 291 1680 quae
313 1622 541 1670 postquam
562 1616 608 1656 in
629 1616 825 1671 proprias
845 1616 1027 1658 deduxit
1050 1617 1224 1670 singula
1244 1632 1403 1666 causas,

182 1674 371 1715 vicinam
401 1690 450 1715 ex
479 1676 567 1716 alto
596 1675 746 1716 mundi
777 1690 1026 1730 cognoscere
1055 1673 1211 1717 molem

182 1733 371 1774 intendit
403 1740 628 1787 totumque
658 1734 803 1776 animo
832 1735 1133 1788 comprendere
1162 1735 1341 1783 caelum,

238 1833 275 1859 84
302 1827 438 1860 Lucan.
460 1829 493 1859 ll
514 1831 598 1861 3911:
630 1828 682 1860 ‘in
710 1838 905 1862 commune
934 1829 1065 1861 bonus'

237 1916 276 1943 82
302 1914 470 1954 seducta]
499 1911 653 1944 diducta
677 1911 791 1946 Jacob
901 1918 939 1944 83
966 1913 1011 1946 ab
1037 1913 1102 1946 hoc
1127 1923 1232 1947 versu
1258 1914 1389 1956 incipit
1414 1916 1460 1953 M,
1488 1915 1526 1946 in,

179 1968 247 2001 quo
272 1957 330 1991 hic
355 1957 501 1992 titulus:
535 1957 681 1992 Manilii
707 1959 992 1994 Astronomicon
1019 1962 1054 1994 et
1079 1959 1191 1993 Statii
1218 1958 1368 2004 Papinii
1395 1958 1526 2003 sylvae

179 2006 217 2039 et
241 2004 393 2039 Asconii
420 2004 573 2039 Pediani
600 2006 638 2039 in
666 2005 877 2040 Ciceronem
905 2009 942 2041 et
968 2006 1110 2041 Valerii
1134 2006 1260 2041 Flacci
1286 2006 1467 2041 nonnulla

179 2059 217 2086 84
255 2053 506 2086 commentum
533 2052 643 2086 mn}
684 2056 896 2089 commenta
921 2055 974 2088 w
1010 2053 1228 2089 commentis
1255 2055 1343 2100 Rey.
1426 2053 1526 2089 laeta

178 2103 271 2133 no
296 2099 405 2134 docta.
426 2102 460 2132 Μ
487 2100 538 2143 (in
560 2101 619 2143 m.)
812 2108 850 2135 88
875 2101 988 2136 itiner
1005 2105 1063 2135 LG
1093 2102 1190 2136 inter
1209 2104 1244 2134 Μ
1277 2101 1349 2136 iter
1373 2101 1412 2136 in
1440 2103 1524 2137 Ven.

179 2147 293 2182 linter
312 2147 469 2181 Housm.
496 2147 645 2192 ignotas
666 2147 763 2182 inter
784 2149 1004 2183 commercia
1023 2151 1141 2183 terras
1161 2160 1223 2195 eyo
1319 2156 1359 2183 90
1385 2149 1479 2184 alias
1500 2153 1526 2182 F

180 2194 255 2229 alia
281 2198 304 2228 0
402 2201 438 2228 91
464 2204 509 2228 ne
537 2198 564 2228 G
589 2205 656 2229 nec
681 2198 742 2228 ML
851 2203 890 2230 96
916 2196 1159 2242 manumque]
1186 2196 1411 2240 modumque
1431 2197 1523 2233 Scal.

238 2249 277 2275 98
312 2242 501 2288 naturam]
536 2244 707 2276 naturam
741 2245 777 2276 et
803 2244 856 2277 Μ’
927 2243 1048 2278 causis
1075 2244 1186 2277 M¹LG
1221 2253 1351 2278 causas
1378 2243 1431 2278 Μ’

179 2296 233 2323 101
258 2290 497 2324 tremesceret
521 2292 556 2323 M
587 2290 817 2324 tremisceret
841 2294 898 2325 LG
1042 2297 1097 2325 104
1123 2290 1271 2325 tonanti
1296 2292 1441 2327 Breiter
1473 2294 1524 2325 to-

179 2337 293 2371 nandi
321 2338 443 2372 Bentl.
550 2343 606 2370 105
633 2337 797 2371 sonitum
823 2342 849 2370 F
876 2338 1028 2373 solitum
1055 2342 1079 2372 0
1159 2338 1292 2384 ventis]
1320 2339 1454 2374 mentis
1482 2342 1516 2372 H
