1627 2517
207 82 264 123 20
571 81 761 116 MANILII
786 80 1127 116 ASTRONOMICA
1440 80 1517 115 Lib.
1543 83 1555 112 1

207 204 441 244 numquam
466 198 727 232 transversas
749 190 881 231 solem
903 190 1126 231 decurrere
1150 189 1204 230 ad
1227 190 1384 230 Arctos

136 268 187 295 525
209 264 285 291 nec
314 256 481 291 mutare
511 249 602 291 vias
631 257 673 290 et
702 249 748 290 in
779 255 921 290 ortum
950 255 1112 290 vertere
1139 263 1288 290 cursus

209 323 493 363 auroramque
517 308 639 350 novis
662 314 905 350 nascentem
930 308 1151 349 ostendere
1175 307 1313 356 terris,

208 382 284 409 nec
315 368 464 409 lunam
494 374 629 409 certos
662 367 861 408 excedere
893 366 1074 408 luminis
1105 366 1226 408 orbes

208 426 281 468 sed
308 441 474 468 servare
498 427 688 475 modurn,
715 441 798 481 quo
824 432 983 467 crescat
1009 441 1144 481 quove
1167 425 1348 474 recedat,

209 500 284 527 nec
303 485 452 527 cadere
471 485 517 526 in
537 493 695 526 terram
713 484 948 540 pendentia
966 485 1106 526 sidera
1124 484 1239 526 caelo

136 567 188 591 530
210 540 283 585 sed
317 544 514 586 dimensa
547 543 635 586 suis
669 558 915 586 consumere
949 550 1141 598 tempora
1175 542 1336 597 signis:

210 618 296 645 non
326 618 447 645 casus
477 618 583 658 opus
614 610 689 653 est,
722 602 872 657 magni
903 603 975 644 sed
1006 602 1200 644 numinis
1229 602 1344 644 ordo.

270 662 373 703 haec
397 662 537 716 igitur
559 668 713 704 texunt
737 661 908 716 aequali
932 661 1073 703 sidera
1096 667 1237 703 tractu

210 720 389 775 ignibus
414 721 461 762 in
485 721 626 762 varias
650 720 817 763 caelum
843 721 1092 775 laqueantia
1115 720 1292 762 formas.

211 780 344 822 altius
369 780 436 821 his
459 780 573 821 1111111
597 787 682 830 est;
715 780 816 821 haec
840 786 940 821 sunt
960 779 1146 833 fastigia
1170 778 1346 829 mundi:

138 863 188 888 5³5
211 839 387 894 publica
410 846 590 881 naturae
612 840 766 881 domus
792 839 858 880 his
882 845 1082 880 contenta
1107 844 1277 880 tenetur

210 898 382 940 finibus
416 898 678 953 amplectens
711 905 893 953 pontum
927 904 1147 952 terrasque
1180 896 1373 938 iacentis.

211 957 355 999 omnia
377 956 574 998 concordi
595 963 735 998 tractu
756 957 1021 1011 veniuntque
1039 956 1298 1010 caduntque,

212 1030 296 1070 qua
319 1016 449 1057 semel
471 1015 671 1057 incubuit
692 1016 858 1057 caelum
880 1030 1134 1070 versumque
1154 1015 1356 1068 resurgit.

272 1075 364 1130 ipse
391 1082 535 1116 autem
561 1081 773 1129 quantum
799 1090 986 1116 convexo
1012 1074 1198 1116 mundus
1225 1073 1414 1128 Olympo

137 1160 189 1185 510
213 1134 407 1175 obtineat
435 1134 641 1188 spatium,
671 1133 846 1188 quantis
874 1132 941 1175 bis
969 1148 1069 1174 sena
1095 1134 1295 1174 ferantur

212 1192 384 1234 finibus
410 1200 538 1242 astra,
566 1193 687 1234 docet
715 1191 840 1241 ratio,
868 1192 938 1233 cui
964 1192 1085 1234 nulla
1112 1192 1318 1233 resistunt

212 1252 399 1293 claustra
427 1266 502 1293 nec
530 1252 765 1293 immensae
793 1251 939 1300 moles,
967 1251 1210 1305 ceduntque
1237 1265 1434 1293 recessus,

213 1311 358 1351 omnia
391 1310 688 1359 succumbunt,
720 1310 865 1364 ipsum
896 1316 959 1351 est
989 1309 1257 1364 penetrabile
1288 1309 1466 1350 caelum.

213 1384 314 1411 nam
338 1376 550 1424 quantum
573 1384 596 1410 a
621 1369 747 1410 terris
771 1375 900 1423 atque
925 1383 1105 1423 aequore
1129 1368 1255 1422 signa
1278 1368 1493 1411 recedunt.

141 1455 191 1481 545
215 1435 386 1470 tantum
407 1427 509 1470 bina
530 1434 694 1482 patent.
726 1442 994 1482 quacumque
1016 1426 1227 1468 inciditur
1248 1427 1362 1468 orbis

214 1502 290 1542 per
316 1487 522 1536 medium,
550 1501 648 1541 pars
675 1486 877 1528 efficitur
904 1493 997 1527 tum
1024 1486 1154 1527 tertia
1181 1486 1294 1540 gyri,

214 1546 373 1600 exiguo
399 1544 610 1587 dirimens
637 1544 820 1587 solidam
847 1545 1097 1586 discrimine
1124 1560 1350 1586 summam.

216 1619 433 1647 summum
462 1604 602 1658 igitur
629 1604 795 1646 caelum
824 1604 890 1646 bis
918 1603 1020 1645 bina
1050 1604 1217 1670 refugit
1244 1603 1297 1645 ab
1326 1604 1413 1645 i1no

211 1667 336 1716 astra,
358 1664 434 1717 (e)
461 1664 527 1705 bis
554 1663 665 1705 senis
692 1670 740 1705 ut
765 1663 823 1704 sit
848 1678 945 1718 pars
972 1663 1101 1704 tertia
1126 1662 1276 1717 signis.

141 1750 192 1775 550
215 1723 287 1765 sed
312 1723 413 1777 quia
439 1738 513 1776 per
536 1723 728 1764 medium
753 1729 815 1763 cst
838 1722 967 1763 tellus
989 1735 1192 1787 suspensa
1214 1721 1494 1776 profundum,

215 1781 332 1824 binis
351 1797 373 1822 a
393 1796 559 1824 summo
578 1781 716 1835 signis
734 1781 918 1822 discedit
936 1788 977 1822 et
995 1780 1095 1822 imo.

214 1841 315 1882 hinc
341 1841 481 1894 igitu1
507 1841 807 1895 quodcumque
834 1855 963 1895 supra
990 1846 1031 1881 te
1057 1839 1238 1894 suspicis
1264 1840 1368 1894 ipse,

216 1915 301 1954 qua
323 1914 397 1954 per
420 1899 548 1940 inane
570 1907 714 1941 meant
737 1899 849 1940 oculi
874 1914 1042 1954 quaque
1064 1899 1126 1939 ire
1148 1905 1357 1939 recusant.

271 2011 328 2037 529
354 2008 439 2048 post
464 2005 497 2038 h.
518 2016 567 2039 νη
597 2004 641 2038 de
668 2004 856 2048 parallelis
883 2003 1031 2038 circulis
1057 2006 1118 2036 ML
1146 2003 1264 2047 (inm.
1285 2004 1324 2045 G)
1357 2002 1485 2036 deinde
1509 2013 1559 2036 se-

211 2055 374 2095 quantur
400 2053 590 2085 566—611
618 2054 641 2084 0
749 2058 806 2084 5232
833 2051 952 2085 sidere
977 2050 1022 2085 1.²
1119 2056 1177 2082 533
1206 2049 1243 2082 in
1270 2048 1390 2083 varias
1417 2048 1561 2083 caelum

211 2098 291 2132 ΜΡ
316 2098 353 2132 in
381 2098 524 2132 caelum
551 2098 672 2132 varias
698 2098 772 2132 11¹1}
941 2104 998 2131 535
1026 2097 1216 2141 contenta]
1249 2097 1306 2130 est
1331 2097 1430 2130 tecta
1456 2099 1490 2129 M

211 2152 269 2179 538
291 2150 374 2189 post
398 2146 430 2180 h.
458 2157 488 2179 v.
516 2146 694 2189 sequitur:
722 2145 767 2179 de
794 2145 992 2179 latitudine
1025 2146 1060 2178 et
1084 2143 1344 2189 magnitudine
1370 2142 1499 2177 mundi
1525 2144 1562 2177 et

212 2193 400 2236 signorum
427 2196 461 2225 M
494 2193 538 2227 de
564 2204 609 2226 m.
639 2193 676 2226 et
701 2191 723 2227 l.
751 2204 797 2226 m.
825 2194 861 2226 et
888 2203 914 2226 s.
941 2195 996 2225 LG
1140 2197 1198 2224 545
1224 2200 1454 2234 quarumque
1480 2193 1515 2222 M

211 2246 268 2273 548
294 2239 416 2284 refigit
436 2239 481 2273 (3²
571 2245 629 2272 549
656 2239 771 2283 astra]
793 2239 911 2273 altera
931 2242 959 2272 G
983 2250 1080 2273 man.
1100 2249 1166 2273 rec.
1188 2239 1225 2272 in
1248 2249 1293 2272 m.
1343 2237 1418 2284 (e)
1441 2237 1559 2272 Bentl.

259 2293 312 2320 551
339 2287 429 2333 11110]
456 2297 528 2321 uno
549 2291 575 2320 G
649 2293 706 2320 552
733 2286 819 2320 hinc
845 2286 974 2332 igitur]
1000 2285 1069 2319 hac
1089 2285 1231 2330 geritur
1249 2288 1284 2318 M
1357 2291 1414 2318 558
1440 2294 1513 2327 qua
1535 2288 1562 2317 G

207 2334 283 2379 fua
309 2338 332 2366 L
359 2346 429 2377 que
456 2337 490 2367 M
539 2344 686 2378 quaque
712 2333 785 2367 L²G
811 2333 949 2377 quique
974 2333 1018 2367 L¹
1044 2343 1191 2376 queque
1218 2335 1252 2365 M
