1627 2517
74 130 105 154 v.
127 121 312 152 748—799
457 115 648 151 MANILII
673 114 1020 151 ASTRONOMICA
1366 114 1420 154 29

71 227 389 281 damnatusque
417 241 514 267 suas
541 225 696 266 melius
724 223 947 266 damnavit
976 225 1188 273 Athenas,
1442 240 1492 265 :75

75 284 270 327 Persidis
295 292 338 326 et
364 285 513 350 victor,
542 290 700 326 strarat
728 298 836 338 quae
863 283 1071 324 elassibus
1097 297 1269 337 aequor.

74 345 350 400 Romanique
377 343 475 393 viri,
505 359 687 399 quorum
715 342 803 384 iam
832 342 1023 384 maxima
1051 342 1178 384 turba
1206 350 1290 383 est:

76 403 404 470 Tarquinioque
427 403 573 444 minus
597 417 732 456 reges,
760 409 801 444 et
827 401 1014 444 Horatia
1039 402 1192 457 proles

75 469 167 505 tota
194 463 305 504 acies
332 468 496 518 partus,
524 477 599 503 nec
627 477 712 503 non
739 468 781 503 et
810 461 1013 503 Scaevola
1041 468 1191 502 trunco

75 522 278 572 nobilior,
309 522 531 577 maiorque
560 521 666 562 viris
696 528 737 562 et
767 521 933 562 Cloelia
962 520 1099 574 virgo,
1445 537 1494 561 :so

76 588 118 624 et
141 582 338 623 Romana
359 581 517 631 ferens,
543 596 651 636 quae
675 581 800 630 texit,
825 580 994 621 moenia
1019 581 1180 623 Coeles.

76 647 118 682 et
145 640 405 682 commilitio
434 639 619 682 volucris
648 640 860 682 Corvinus
889 640 1071 694 adeptus

76 705 118 742 et
142 700 281 755 spolia
306 706 348 742 et
372 715 540 750 nomen,
568 699 643 754 qui
669 706 811 753 gestat
836 699 882 740 in
907 699 1012 741 alite
1039 699 1277 748 Phoebum,

77 766 118 801 et
140 760 239 801 Iove
260 759 335 814 qui
356 759 515 801 meruit
534 759 700 800 caelum
721 759 992 814 Romamque
1011 758 1226 800 Camillus

76 819 284 860 servando
309 819 468 874 posuit,
497 819 745 873 Brutusque
771 833 795 859 a
820 833 920 872 rege
945 824 1137 872 receptae
1446 834 1496 858 :35

77 878 288 928 conditor,
318 885 360 920 et
388 877 551 932 Pyrrhi
580 893 655 932 per
685 878 795 920 bella
826 877 1031 932 Papirius
1062 877 1188 926 ultor,

78 936 311 979 Fabricius
340 937 584 991 Curiusque
614 952 752 991 pares,
784 944 826 978 et
856 936 984 978 tertia
1016 937 1161 991 palma

78 996 329 1046 Marcellus,
361 996 602 1051 Cossusque
632 996 752 1051 prior
781 997 834 1037 de
864 1011 964 1049 rege
995 1002 1157 1039 necato.

77 1061 374 1110 certantesque
397 1056 505 1097 Deci
528 1055 640 1097 votis
662 1055 911 1110 similesque
934 1055 1184 1109 triumphis.

78 1114 351 1169 invictusque
376 1130 495 1156 mora
519 1114 699 1164 Fabius,
725 1114 945 1169 victorque
970 1115 1163 1155 necantis
1447 1131 1498 1154 :vo

81 1173 234 1215 Livius
256 1173 548 1215 Hasdrubalis
570 1174 682 1215 socio
705 1189 780 1228 per
804 1174 916 1215 bella
939 1174 1124 1219 Nerone,

81 1232 398 1288 Scipiadaeque
424 1234 564 1282 duces,
591 1234 735 1274 fatum
763 1232 1046 1286 Carthaginis
1074 1248 1221 1281 unum,

81 1291 401 1346 Pompeiusque
429 1291 543 1333 orbis
573 1291 762 1333 domitor
791 1307 865 1346 per
893 1292 1057 1346 trisque
1086 1291 1330 1346 triumphos

79 1358 178 1392 ante
198 1351 327 1392 deum
349 1351 563 1406 princeps,
588 1359 629 1392 et
651 1366 778 1392 censu
802 1350 976 1392 Tullius
999 1351 1084 1392 oris

78 1409 283 1451 emeritus
311 1410 490 1460 caelum,
522 1415 563 1452 et
593 1410 711 1463 <111,>
750 1410 908 1452 Claudi
938 1425 1098 1464 magna
1126 1425 1332 1465 propago,
1447 1425 1496 1449 :vs

77 1467 382 1524 Aemiliaeque
415 1468 569 1510 domus*
600 1483 805 1523 proceres,
840 1468 1031 1524 clarique
1064 1469 1253 1518 Metelli,

80 1534 122 1568 et
151 1527 260 1569 Cato
288 1528 492 1570 fortunae
523 1528 673 1578 victor,
706 1525 944 1583 matrisque
975 1529 1052 1570 sub
1084 1528 1217 1570 armis

77 1587 207 1628 miles
233 1587 440 1642 Agrippa
469 1602 582 1629 suae.
622 1587 888 1643 Venerisque
916 1588 968 1629 ab
998 1587 1168 1641 origine
1197 1588 1336 1641 proles

85 1646 201 1687 Iulia
226 1646 449 1688 descendit
474 1647 590 1688 caelo
616 1647 869 1701 caelumque
894 1647 1091 1701 replevit,

138 1756 195 1783 778
219 1750 296 1785 IuV.
315 1750 348 1784 X
376 1755 442 1784 175
587 1758 641 1784 787
670 1751 807 1785 Lucan.
828 1752 860 1785 X
883 1755 966 1786 1522
995 1751 1200 1786 ‘Fabricios
1227 1751 1428 1794 Curiosque

78 1797 222 1841 graves’
323 1804 380 1831 7⁹2
407 1797 483 1832 Cul.
505 1802 573 1832 370
672 1805 726 1831 797
755 1798 882 1833 Claud.
902 1798 918 1832 I
939 1801 981 1832 39

138 1899 194 1925 776
220 1903 315 1936 quae
341 1896 367 1925 F
400 1893 464 1936 qui
491 1896 515 1926 0
647 1900 704 1926 780
730 1897 767 1927 et
794 1893 934 1928 Cloelia
959 1895 1052 1929 &eat
1087 1905 1128 1928 eo
1156 1893 1260 1928 Colia
1284 1897 1341 1927 LG
1373 1901 1429 1927 est

78 1940 116 1973 et
141 1939 245 1973 Golia
270 1943 305 1973 M
330 1941 368 1974 et
393 1939 503 1974 Delia
527 1943 572 1986 V,
602 1941 639 1974 et
665 1940 789 1974 Coclia
816 1941 903 1985 Rey.
931 1942 1024 1975 Bon.
1125 1948 1181 1974 782
1209 1939 1429 1976 commilitio

77 1986 171 2021 Scaz.
199 1998 282 2021 cum
306 1986 446 2021 milicio
474 1990 498 2020 0
559 1966 759 2021 Corvinus
785 1991 829 2033 V,
859 1987 1026 2023 Coi-vitus
1053 1992 1109 2022 LG
1135 1999 1196 2022 001·
1220 1988 1322 2022 intus
1349 1990 1383 2020 M

79 2033 236 2078 adeptus
257 2037 300 2080 72
331 2034 499 2069 ademtus
525 2038 560 2068 M
586 2035 782 2079 ademptus
802 2039 859 2069 LG
957 2042 1013 2070 784
1041 2035 1217 2070 Camillus
1239 2034 1338 2068 M²L²
1364 2034 1429 2068 Ca-

77 2046 192 2115 millpis
216 2082 289 2114 L¹G
316 2081 465 2116 Cavillis
492 2082 545 2116 Μ1
642 2089 698 2115 785
724 2084 898 2127 receptae
924 2086 950 2115 F
982 2085 1134 2127 recepta
1161 2087 1184 2116 0
1285 2088 1339 2115 787
1367 2091 1430 2125 pa-

77 2138 134 2162 res
161 2132 184 2162 0
208 2139 342 2172 parens
362 2132 418 2163 LG
442 2131 575 2174 patens
595 2133 630 2162 M
728 2136 784 2163 788
810 2131 942 2164 necato
962 2134 988 2163 F
1013 2132 1145 2164 natato
1166 2133 1201 2163 M
1226 2131 1356 2164 notato
1376 2132 1431 2161 LG

127 2181 184 2208 789
209 2175 300 2210 Deci
319 2180 345 2209 F
371 2176 520 2211 Deciio
628 2183 685 2210 790
711 2176 848 2211 Fabius
868 2181 894 2210 F
921 2177 1070 2212 Flavius
1089 2181 1146 2211 LG
1171 2176 1329 2211 flammis
1350 2178 1385 2208 M

77 2222 245 2257 necantis
271 2234 332 2268 eqo
357 2224 481 2258 necati
507 2228 531 2258 0
557 2224 698 2259 tenacis
725 2225 878 2260 Housm.
1011 2232 1068 2258 795
1095 2227 1132 2259 et
1159 2223 1255 2270 (tu)
1283 2223 1430 2267 Kleiny.

79 2270 116 2304 et
142 2273 166 2302 0
218 2269 350 2304 Claudi
377 2270 470 2306 θοαὶ.
498 2271 654 2306 Claudia
674 2275 734 2305 ML
768 2270 914 2306 Claudii
942 2276 969 2306 G
1067 2279 1122 2305 797
1152 2270 1264 2305 armis
1290 2273 1348 2303 LG
1373 2280 1430 2303 ar-

77 2316 132 2350 vis
158 2319 192 2350 M
337 2324 393 2350 798
419 2318 647 2363 Venerisque
673 2322 708 2352 M
740 2319 950 2363 ventrisque
975 2323 1032 2352 LG
1186 2324 1244 2351 799
1270 2316 1431 2361 replebit

82 2364 236 2399 Housm.
