1627 2517
54 121 86 145 v.
107 113 294 145 413—466
487 108 677 143 MANILII
703 107 1048 143 ASTRONOMICA
1352 109 1403 150 17

61 226 153 260 tum
179 218 325 260 notius
352 217 492 259 Piscis
519 216 636 259 venti
662 218 714 259 de
742 217 914 258 nomine
941 217 1082 258 dictus

58 277 256 332 exsurgit
282 278 335 319 de
361 285 483 332 parte
510 276 627 327 noti;
663 276 732 317 cui
760 276 910 318 iuncta
935 277 1139 317 feruntur

57 337 178 378 flexa
210 351 285 391 per
315 336 508 390 ingentis
540 335 763 377 stellarum
794 335 984 377 flumina
1019 350 1162 389 gyros.

58 397 238 437 alterius
263 395 398 450 capiti
422 395 650 449 coniungit
674 395 900 449 Aquarius
926 396 1061 436 undas

59 455 214 505 amnis,
243 462 284 496 et
311 455 358 495 in
385 454 578 496 medium
606 461 760 496 coeunt
788 461 830 495 et
858 454 998 496 sidera
1026 454 1220 495 miscent.

119 514 200 563 his,
224 514 338 555 inter
360 514 547 569 solisque
570 513 660 555 vias
682 514 925 568 Arctosque
948 514 1130 555 latentes

59 588 183 614 axem
214 588 323 628 quae
352 573 506 614 mundi
537 572 791 614 stridentem
821 573 1007 628 pondere
1037 579 1255 628 torquent,

60 632 158 673 orbe
190 632 419 687 peregrino
449 632 615 674 caelum
647 632 903 687 depingitur
934 631 1075 681 astris,

62 706 170 746 quae
194 692 315 733 notia
339 691 512 747 antiqui
536 691 743 733 dixerunt
767 692 908 733 sidera
932 698 1064 733 vates.

63 751 219 792 ultima
239 766 348 805 quae
367 751 528 793 mundo
547 766 714 806 semper
733 751 964 792 volvuntur
982 750 1030 792 in
1048 751 1150 800 imo,

60 808 157 863 quis
177 810 328 850 innixa
351 817 525 851 manent
545 810 653 851 caeli
671 810 894 864 fulgentia
913 809 1090 864 templa,

63 883 275 924 nusquam
303 869 350 910 in
375 876 650 924 conspectum
675 869 916 919 redeuntia,
944 869 1118 911 cardine
1146 884 1264 910 verso

63 928 265 969 sublimis
296 929 481 983 speciem
511 928 666 970 mundi
697 928 940 983 similisque
969 927 1142 982 figuras

63 993 276 1028 astrorum
305 988 514 1029 referunt.
554 994 595 1029 et
624 1003 766 1029 versas
794 987 1016 1029 frontibus
1045 987 1203 1029 Arctos

64 1061 148 1087 uno
179 1046 397 1101 distingui
428 1046 593 1088 medias
623 1047 853 1102 claudique
883 1047 1081 1088 Dracone

64 1104 278 1146 credimus
305 1106 515 1160 exemplo.
555 1107 752 1161 quamvis
779 1106 1003 1160 fugientia
1031 1106 1146 1147 visus

68 1164 180 1205 hunc
211 1164 355 1205 orbem
385 1164 494 1205 caeli
525 1165 732 1206 vertentis
762 1165 903 1206 sidera
933 1180 1059 1206 cursu

67 1223 241 1264 cardine
274 1229 363 1264 tam
395 1223 532 1264 simili
563 1223 744 1273 fultum,
777 1239 907 1278 quam
940 1224 1110 1273 vertice,
1144 1224 1347 1279 pingunt.

127 1281 228 1323 haec
252 1282 393 1336 igitur
415 1297 574 1336 magno
597 1283 760 1324 divisas
783 1283 953 1324 aethere
977 1283 1094 1325 sedes

66 1340 193 1395 signa
217 1348 364 1383 tenent
385 1341 539 1383 mundi
562 1348 704 1384 totum
727 1342 911 1383 deducta
934 1357 1009 1397 per
1031 1343 1189 1384 orbem.

67 1407 114 1441 tu
139 1401 264 1442 modo
288 1401 502 1455 corporeis
526 1400 686 1442 similis
710 1416 761 1442 ne
786 1416 942 1456 quaere
963 1402 1150 1456 figuras,

67 1459 213 1500 omnia
239 1466 287 1501 ut
312 1459 484 1515 aequali
509 1460 732 1514 fulgentia
758 1461 950 1502 membra
975 1461 1112 1503 colore

66 1518 250 1560 deficiat
271 1518 386 1560 nihil
408 1526 483 1561 aut
506 1534 688 1561 vacuum
712 1535 796 1575 qua
818 1520 983 1561 iumine
1005 1527 1150 1562 cesset.

63 1591 148 1619 non
173 1578 336 1632 poterit
362 1579 549 1620 mundus
576 1579 766 1620 sufferre
791 1579 992 1620 incendia
1019 1586 1155 1629 tanta,

70 1637 217 1678 omnia
242 1637 278 1678 si
304 1637 445 1692 plenis
470 1637 683 1680 ardebunt
708 1638 849 1680 sidera
875 1639 1092 1680 membris.

70 1695 280 1751 quicquid
306 1696 517 1738 subduxit
539 1697 751 1748 flammis,
779 1704 934 1739 natura
960 1698 1153 1753 pepercit

70 1755 346 1797 succubitura
374 1755 508 1806 oneri,
537 1756 703 1798 formas
732 1756 981 1810 disiungere
1011 1764 1182 1799 tantum

66 1819 267 1855 contenta
294 1820 336 1855 et
363 1814 502 1856 stellis
529 1816 750 1857 ostendere
777 1816 918 1857 sidera
945 1817 1085 1858 certis.

73 1872 189 1914 linea
216 1872 418 1927 designat
444 1874 618 1928 species,
647 1881 776 1929 atque
802 1875 980 1929 ignibus
1008 1876 1130 1930 ignes

124 2030 183 2058 438
208 2026 298 2059 tunc
325 2030 352 2060 G
442 2026 595 2061 nothius
621 2031 677 2060 LG
823 2035 882 2061 439
908 2028 1008 2073 porti
1033 2029 1078 2063 L¹
1169 2029 1297 2063 iuncta
1324 2030 1418 2063 Seal.

67 2073 201 2106 cuneta
227 2075 251 2106 0
377 2080 433 2107 441
460 2074 614 2108 alterius
641 2078 706 2108 ΜΘ
731 2074 886 2110 ulterius
912 2080 938 2110 L
1065 2084 1123 2110 442
1145 2081 1229 2121 post
1253 2078 1285 2112 h.
1312 2088 1344 2111 v.
1370 2088 1420 2111 se·

66 2123 231 2162 quantur
256 2122 451 2156 355—398
478 2125 502 2155 0
612 2128 671 2155 446
697 2123 802 2157 notia
828 2123 872 2156 12²
896 2123 1006 2158 nocia
1031 2125 1111 2158 Lm
1138 2124 1268 2158 nothia
1296 2127 1320 2157 G
1373 2124 1420 2157 si-

67 2165 154 2200 dere
179 2167 224 2199 1.¹
331 2173 390 2201 448
415 2168 546 2203 innixa
573 2169 665 2204 Seal.
693 2170 829 2205 innexa
856 2174 880 2204 0
954 2171 1096 2215 templa
1123 2175 1184 2205 ML
1212 2171 1320 2215 signa
1347 2174 1374 2203 G

66 2220 125 2246 449
151 2215 390 2259 conspectum
415 2220 440 2249 Ι..
468 2218 670 2260 conspectu
695 2220 760 2251 ΜΘ
889 2225 949 2252 450
975 2219 1136 2263 speciem
1163 2221 1197 2251 M
1224 2217 1370 2262 speciae
1396 2222 1420 2250 L

67 2260 186 2304 spetie
212 2265 240 2295 G
359 2269 418 2296 453
443 2263 629 2308 fugientia
656 2265 777 2300 Bentl.
810 2264 995 2309 fulgentia
1022 2269 1045 2299 Ο
1177 2272 1235 2298 455
1261 2265 1421 2309 pingunt

68 2307 189 2342 Bentz.
215 2309 339 2354 pingit
358 2313 382 2343 0
468 2318 526 2344 459
553 2311 676 2345 omnia
701 2314 743 2345 ut
762 2312 846 2346 M2G
871 2312 995 2347 omnia
1021 2314 1085 2346 aut
1106 2312 1159 2345 Μ1
1186 2312 1286 2345 omni
1313 2315 1378 2346 aut
1396 2316 1421 2345 L

117 2361 177 2388 480
203 2357 268 2390 aut
294 2357 414 2392 Bentl.
448 2359 485 2391 et
512 2361 535 2391 0
610 2361 729 2393 cesset
754 2363 798 2405 ΥΞ
835 2360 945 2393 cessit
973 2363 996 2392 0

142 2420 263 2445 Manilii
277 2421 487 2448 Astronomica
509 2424 553 2447 ed.
576 2431 648 2449 van
662 2425 923 2456 WVageningen
1189 2422 1208 2451 2

1426 353 1478 377 440

1428 648 1480 673 445

1432 946 1484 970 450

1434 1242 1486 1267 455

1436 1539 1487 1563 460

1438 1837 1490 1861 465
