1627 2517
60 150 92 173 v.
114 141 253 172 21—76
458 136 646 171 MANILH
670 135 1015 171 ASTRONOMICA
1355 136 1409 177 37

61 245 108 287 in
127 246 266 288 lucem
285 246 337 287 de
356 252 479 287 nocte
497 251 649 286 vocant
669 244 899 299 orbemque
918 245 1141 286 revolvunt

61 305 246 347 interius
267 320 436 346 versum
457 310 638 346 naturae
659 304 833 345 foedere
854 309 993 359 rupto.

62 379 186 406 omne
214 379 348 418 genus
375 378 517 405 rerum
543 363 692 405 doctae
718 362 906 404 cecinere
934 378 1116 413 sorores;

59 422 199 465 omnis
225 423 279 465 ad
301 438 488 464 accessus
513 422 737 464 Heliconis
759 422 913 464 semita
939 422 1044 464 trita
1071 428 1145 472 est,

62 489 103 524 et
126 482 214 524 iam
236 481 407 524 confusi
430 487 610 523 manant
631 482 683 523 de
706 481 906 523 fontibus
929 496 1074 523 amnes
1363 532 1367 534 Y

62 557 137 583 nec
167 541 345 596 capiunt
375 541 579 583 haustum
608 541 865 596 turbamque
895 541 949 582 ad
979 547 1081 583 nota
1110 546 1318 582 ruentem.

60 600 233 655 integra
253 615 509 655 quaeramus
528 601 716 642 rorantis
734 606 860 655 prata
879 615 953 655 per
973 600 1139 650 herbas,

61 660 306 715 undamque
328 659 506 702 occultis
527 658 813 701 meditantem
835 675 1030 701 murmur
1050 659 1097 700 in
1120 659 1272 710 antris,

61 734 192 774 quam
222 734 359 774 neque
391 719 545 761 durato
578 718 798 773 gustarint
829 734 898 761 ore
930 719 1134 769 volucres,

60 778 152 833 ipse
176 793 251 820 neo
274 778 466 820 aetherio
490 778 691 820 Phoebus
712 778 916 820 libaverit
940 778 1049 832 igni.

60 844 206 879 nostra
233 838 408 892 loquar;
442 837 555 879 nulli
582 844 730 879 vatum
756 837 1008 879 debebimus
1036 853 1123 887 ora,

60 911 136 938 nec
155 897 340 946 furtum,
364 897 436 938 sed
459 912 565 952 opus
587 896 742 947 veniet,
767 897 940 951 soloque
961 897 1153 938 volamus

59 955 107 997 in
131 956 297 998 caelum
322 971 462 1006 curru,
489 956 666 1011 propria
689 962 780 998 rate
806 956 1009 1011 pellimus
1036 957 1183 998 undas.

60 1030 245 1070 namque
272 1029 422 1057 canam
451 1014 584 1057 tacita
610 1022 790 1057 naturae
816 1022 959 1058 mente
986 1021 1207 1071 potentem

59 1074 342 1129 infusumque
366 1075 493 1116 deum
518 1075 633 1116 caelo
658 1075 871 1130 terrisque
893 1075 1092 1130 fretoque

59 1133 283 1187 ingentem
307 1133 479 1188 aequali
503 1134 798 1176 moderantem
821 1134 994 1176 foedere
1017 1134 1187 1184 molem,

60 1198 285 1247 totumque
319 1193 484 1234 alterno
517 1207 724 1234 consensu
756 1193 898 1234 vivere
930 1193 1140 1235 mundum

60 1257 102 1292 et
128 1251 311 1293 rationis
338 1251 412 1306 agi
439 1258 572 1302 motu,
599 1267 696 1293 cum
723 1252 905 1307 spiritus
933 1267 1041 1294 unus

60 1326 135 1365 per
160 1317 333 1353 cunctas
360 1310 528 1352 habitet
554 1318 698 1366 partes
723 1317 852 1366 atque
879 1311 1036 1366 irriget
1061 1312 1205 1353 orbem

60 1369 205 1411 omnia
235 1369 500 1425 pervolitans
531 1385 768 1425 corpusque
800 1370 988 1413 animale
1017 1371 1199 1425 figuret.

60 1429 173 1484 quod
203 1428 289 1470 nisi
319 1426 517 1483 cognatis
546 1429 751 1471 membris
780 1436 981 1472 contexta
1012 1436 1204 1472 maneret

60 1487 260 1530 machina
286 1494 328 1530 et
354 1488 559 1544 imposito
585 1495 755 1544 pareret
780 1495 871 1531 tota
898 1489 1122 1544 magistro,

59 1562 108 1588 ac
129 1553 300 1589 tantum
322 1547 476 1589 mundi
498 1555 666 1602 regeret
686 1549 921 1603 prudentia
944 1564 1130 1599 censum,

60 1621 145 1648 non
165 1613 273 1649 esset
293 1607 425 1649 stati-o
446 1607 586 1658 terris,
609 1622 694 1649 non
714 1608 906 1649 ambitus
926 1607 1067 1658 astris,

60 1665 337 1720 haereretque
365 1681 500 1720 vagus
527 1667 713 1709 mundus
741 1667 980 1722 standoque
1004 1666 1179 1721 rigeret,

59 1739 136 1765 nec
165 1739 241 1766 sua
271 1724 504 1780 dispositos
533 1732 752 1768 servarent
780 1726 922 1768 sidera
953 1741 1113 1776 cursus,

59 1798 229 1838 noxque
253 1784 420 1825 alterna
443 1784 559 1826 diem
581 1786 757 1839 fugeret
780 1801 1034 1840 rursumque
1058 1785 1258 1840 fugaret3

59 1857 144 1884 non
165 1842 324 1884 imbres
345 1843 510 1885 alerent
530 1849 679 1894 terras,
701 1860 785 1886 non
807 1845 980 1886 aethera
1000 1845 1132 1894 venti,

60 1916 135 1942 nec
160 1907 317 1956 pontus
345 1902 547 1956 gravidas
573 1903 720 1953 nubes,
747 1919 822 1945 nec
848 1903 1040 1946 flumina
1066 1910 1261 1959 pontum,

59 1975 135 2002 nec
156 1961 336 2015 pelagus
357 1961 509 2011 fontis,
533 1977 609 2003 nec
630 1968 762 2003 staret
784 1978 951 2004 summa
972 1979 1047 2017 per
1070 1963 1210 2004 omnis

118 2072 157 2098 63
183 2072 243 2105 (68)
270 2065 398 2101 Claud.
420 2066 642 2101 Theod.102

119 2154 158 2182 50
183 2148 372 2183 Heliconis
393 2150 481 2195 Ray.
507 2150 704 2184 Helicones
725 2154 749 2184 0
870 2158 907 2184 52
933 2152 1037 2198 nota]
1065 2153 1149 2186 vota.
1168 2155 1203 2184 M
1227 2154 1317 2185 nata
1338 2155 1360 2183 c

60 2201 98 2228 53
123 2195 282 2230 rotantis
301 2198 337 2229 M
456 2203 494 2230 54
521 2197 651 2243 antris]
678 2197 803 2232 nautri
824 2201 859 2231 M
973 2206 1010 2232 55
1037 2198 1223 2243 gustarint
1241 2198 1315 2232 L'G
1340 2209 1407 2243 gu-

60 2244 205 2276 starunt
223 2243 303 2276 ML¹
447 2251 484 2277 56
510 2244 683 2279 libaverit
702 2248 745 2290 V2
780 2245 996 2280 liberaverit
1013 2246 1093 2279 'ML1
1119 2246 1172 2288 (in
1196 2247 1283 2289 ras.)
1309 2244 1407 2279 libra

58 2290 152 2324 verit
172 2289 217 2323 1⁴²
241 2289 431 2325 libraverit
450 2295 478 2325 G
621 2299 657 2325 57
686 2292 764 2338 ora]
792 2304 875 2327 orsa
894 2292 987 2328 Scal.
1122 2300 1158 2326 58
1185 2292 1306 2327 volavi
1325 2295 1361 2325 M

59 2342 98 2370 59
123 2337 273 2381 proprio
291 2337 337 2371 L¹
444 2346 483 2372 60
508 2342 682 2373 naturam
704 2340 823 2375 Bentz.
926 2347 964 2374 65
992 2350 1109 2383 aeque
1128 2344 1163 2373 M
1258 2347 1297 2374 69
1324 2351 1407 2374 cen—

61 2394 140 2417 sum
161 2384 254 2420 Seal.
282 2395 428 2419 sensum
450 2389 474 2419 0
579 2393 612 2419 71
639 2389 784 2431 regeret
804 2391 839 2420 M

1430 1034 1462 1057 GU

1429 1330 1461 1354 65
