1627 2517
146 469 197 495 585

147 765 200 789 590

149 1060 200 1085 595

153 1356 204 1381 605>

155 1651 206 1675 605

215 106 270 148 22
611 103 800 138 MANILH
825 102 1048 138 ASTRONO
1056 101 1170 136 MICA
1447 101 1525 136 Lib.
1546 103 1564 134 I

218 221 423 269 quattuor
448 221 488 255 et
514 213 722 267 gradibus
747 227 822 254 sua
847 211 931 252 fila
956 211 1123 252 reducit
1148 211 1200 252 ab
1225 217 1358 252 aestu.

218 273 444 329 proximus
480 273 592 314 hunc
626 272 741 314 ultra
776 270 986 313 brumalis
1019 271 1193 312 nomine
1227 269 1352 311 limes

219 333 378 374 ultima
409 332 612 386 designat
641 330 859 385 fugientis
890 330 1044 372 limina
1076 330 1177 371 solis

219 392 455 446 invidaque
484 391 657 456 obliqua
687 389 908 432 radiorum
936 404 1112 431 munera
1140 389 1323 430 flamma

219 451 294 493 dat
322 466 398 506 per
426 452 509 492 iter
537 450 770 491 minimum
798 448 944 499 nobis:
981 449 1053 490 sed
1080 448 1250 490 finibus
1277 447 1380 497 illis,

220 525 324 576 quos
353 525 480 564 supe1
508 509 721 558 incubuit,
751 509 880 562 longa
910 495 1025 550 stant
1053 514 1246 562 tempora
1273 507 1380 548 luce

220 569 380 624 vixque
411 569 503 610 dies
535 568 691 610 transit
723 568 977 610 candentem
1010 574 1183 609 extenta
1215 581 1290 621 per
1320 573 1500 608 aestum

222 629 374 684 bisque
402 629 512 669 iacet
539 627 655 669 binis
683 634 922 669 summotus
948 627 1146 681 partibus
1173 626 1301 668 orbis.

221 703 331 729 unus
355 688 406 729 ab
429 687 496 729 his
519 694 710 742 superest
734 694 924 728 extremo
946 686 1171 741 proximus
1192 685 1264 726 axi

221 747 421 797 circulus,
457 746 673 788 austrinas
706 746 780 800 qui
814 745 995 799 stringit
1027 751 1069 786 et
1102 744 1270 786 obsidet
1301 744 1472 785 Arctos,

224 806 294 848 hic
323 821 492 863 quoque
520 805 760 847 brumalem
789 820 864 860 per
892 810 1035 859 partes
1063 803 1254 859 quinque
1281 803 1504 858 relinquit,

223 872 265 907 et
288 873 500 921 quantum
523 880 545 906 a
570 871 715 906 nostro
739 864 940 906 sublimis
963 863 1137 905 cardine
1159 878 1306 918 gyrus,

221 925 357 966 distat
388 925 440 966 ab
470 925 646 966 adverso
676 923 933 965 tantundem
962 922 1188 978 proximus
1216 921 1299 962 illi.

228 984 303 1036 [sic
335 984 418 1025 tibi
449 999 525 1038 per
557 983 681 1025 binas
712 989 857 1024 vertex
890 997 913 1024 a
943 982 1102 1023 vertice
1130 988 1274 1037 partes

223 1043 390 1085 divisus
417 1042 583 1097 duplici
609 1057 775 1084 summa
802 1041 1040 1083 circumdat
1067 1040 1305 1095 Olympum

224 1109 265 1144 et
291 1118 366 1157 per
391 1102 583 1157 quinque
609 1108 729 1143 notat
756 1101 975 1155 signantis
1000 1107 1193 1155 tempora
1217 1099 1362 1152 fines]

226 1161 294 1203 his
317 1162 465 1203 eadem
488 1168 549 1202 est
572 1161 641 1202 via
667 1175 775 1215 quae
798 1160 959 1202 mundo
980 1160 1229 1214 pariterque
1251 1166 1449 1200 rotantur

226 1221 410 1262 inclines
435 1221 654 1275 sociosque
679 1227 796 1262 ortus
822 1219 1039 1261 occasibus
1064 1225 1264 1274 aequant,

227 1280 579 1335 quandoquidem
606 1279 724 1327 secti,
752 1294 833 1333 qua
862 1285 978 1320 totus
1003 1278 1191 1319 volvitur
1217 1277 1344 1319 orbis.

226 1339 312 1380 fila
334 1339 513 1380 trahunt
536 1337 615 1379 alti
639 1353 810 1379 cursum
833 1336 1088 1378 comitantia
1111 1336 1216 1378 caeli

227 1398 456 1440 intervalla
493 1397 587 1452 pari
621 1403 837 1438 servantes
869 1396 1013 1437 limite
1043 1410 1214 1450 {semper

224 1457 473 1512 divisosque
499 1456 629 1498 semel
652 1456 768 1497 fines
793 1462 1036 1510 sortemque
1060 1454 1263 1496 dicatam.

227 1523 327 1558 sunt
347 1516 447 1566 duo,
471 1531 576 1570 quos
597 1515 754 1570 recipit
776 1515 926 1556 ductos
947 1530 971 1556 a
991 1514 1149 1555 vertice
1170 1522 1330 1555 vertex.

229 1575 344 1617 inter
370 1590 412 1616 se
438 1575 619 1623 adversi,
648 1574 721 1628 qui
749 1580 922 1615 cunctos
949 1580 1047 1615 ante
1072 1573 1229 1615 relatos

229 1649 355 1690 seque
380 1640 522 1675 secant
546 1634 720 1688 gemino
743 1640 941 1675 coeuntes
963 1633 1138 1674 cardine
1161 1632 1312 1674 mundi

229 1701 554 1748 transversoque
590 1693 688 1747 polo
721 1699 885 1734 rectum
919 1693 1136 1734 ducuntur
1170 1692 1216 1732 in
1252 1707 1389 1740 axem,

228 1759 421 1808 tempora
458 1752 682 1806 signantes
715 1751 818 1793 anni
853 1752 1104 1806 caelumque
1138 1766 1212 1806 per
1247 1758 1359 1792 astra

231 1818 436 1866 quattuor
466 1811 512 1852 in
540 1817 684 1866 partes
712 1811 903 1853 divisum
933 1811 1152 1852 mensibus
1181 1810 1341 1865 aequis.

229 1870 338 1913 alter
370 1871 422 1911 ab
451 1870 617 1912 excelso
646 1871 875 1912 decurrens
905 1870 1030 1912 limes
1062 1869 1251 1923 Olympo

287 1981 344 2009 582
372 1975 477 2009 limes
505 1976 604 2010 Ellis
630 1976 765 2009 timens
786 1978 820 2008 M
845 1975 995 2020 tingens
1014 1975 1057 2008 L¹
1084 1976 1242 2018 tangens
1262 1973 1336 2006 L²G
1361 1972 1514 2016 cingens
1534 1973 1577 2005 1.³

274 2028 332 2056 583
358 2022 537 2066 fugientis
563 2021 694 2056 limina
714 2022 808 2057 Scal.
836 2021 1016 2067 fulgentis
1041 2021 1182 2056 lumina
1203 2024 1227 2054 0
1325 2027 1383 2054 584
1432 2019 1578 2053 invida-

228 2080 300 2113 que
325 2069 419 2105 Scal.
445 2069 620 2113 inviaque
647 2073 671 2102 0
769 2075 827 2103 585
853 2070 960 2104 nobis
979 2073 1023 2115 V,
1052 2068 1156 2103 vobis
1183 2071 1207 2102 0
1305 2074 1364 2101 590
1391 2067 1576 2101 austrinas

229 2117 316 2163 Rey.
350 2115 493 2151 astrinu
519 2117 572 2149 Ml
604 2117 792 2151 austrinus
818 2116 928 2150 M²LG
1071 2115 1235 2160 stringit]
1264 2115 1424 2160 stringet
1448 2117 1483 2147 H

228 2171 283 2198 591
309 2163 396 2198 hinc
415 2167 451 2197 M
541 2170 695 2197 594-596
721 2164 972 2207 intetpolatom'
997 2164 1126 2199 tribuit
1150 2163 1302 2197 Housm.
1395 2169 1453 2196 595
1481 2173 1578 2196 sum-

228 2222 327 2245 mam
352 2215 387 2244 M
483 2218 541 2244 599
567 2211 886 2257 quandoquidem]
913 2211 1061 2255 quando
1086 2209 1223 2245 vidiem
1244 2210 1295 2242 Μ’
1320 2210 1376 2253 (in
1395 2221 1439 2244 m
1466 2209 1578 2252 viam)

277 2259 369 2293 secti
395 2270 467 2302 qua
494 2259 614 2294 Bentl.
641 2261 744 2292 sexto
771 2269 843 2301 quo
870 2262 904 2292 M
929 2258 1022 2293 sexti
1049 2268 1122 2300 quo
1147 2261 1203 2291 LG
1303 2263 1362 2290 602
1387 2256 1477 2291 fines
1504 2267 1578 2290 sor-

229 2306 378 2350 temque
403 2309 468 2340 ΜΘ
493 2309 626 2340 sortem
652 2305 816 2349 finesque
840 2310 865 2339 1.
1027 2311 1086 2338 ⁶03
1113 2316 1135 2339 a
1161 2304 1292 2338 veitite
1319 2303 1454 2339 vertice
1479 2303 1532 2336 Ml

229 2353 267 2386 in
298 2365 358 2386 m.:
386 2352 502 2388 coluri
528 2357 555 2387 G
580 2356 690 2398 (man.
712 2355 791 2396 rec.)
889 2360 947 2385 ⁶00
974 2354 1073 2387 recto
1100 2351 1151 2384 M¹
