<?xml version="1.0" encoding="UTF-8"?>
<!DOCTYPE html PUBLIC "-//W3C//DTD XHTML 1.0 Transitional//EN"
    "http://www.w3.org/TR/xhtml1/DTD/xhtml1-transitional.dtd">
<html xmlns="http://www.w3.org/1999/xhtml" xml:lang="en" lang="en">
 <head>
  <title>
</title>
<meta http-equiv="Content-Type" content="text/html;charset=utf-8" />
  <meta name='ocr-system' content='tesseract 3.04.00' />
  <meta name='ocr-capabilities' content='ocr_page ocr_carea ocr_par ocr_line ocrx_word'/>
</head>
<body>
  <div class='ocr_page' id='page_1' title='image "astronomicaedidi00maniuoft_0033.png"; bbox 0 0 1627 2517; ppageno 0'>
   <div class='ocr_carea' id='block_1_1' title="bbox 506 470 996 519">
    <p class='ocr_par' dir='ltr' id='par_1_1' title="bbox 506 470 996 519">
     <span class='ocr_line' id='line_1_1' title="bbox 506 470 996 519; baseline 0.002 -1"><span class='ocrx_word' id='word_1_1' title='bbox 506 471 707 519; x_wconf 83' lang='lat' dir='ltr'>LIBER</span> <span class='ocrx_word' id='word_1_2' title='bbox 743 470 996 519; x_wconf 78' lang='lat' dir='ltr'>PRIMUS</span> 
     </span>
    </p>
   </div>
   <div class='ocr_carea' id='block_1_2' title="bbox 76 587 1481 1825">
    <p class='ocr_par' dir='ltr' id='par_1_2' title="bbox 76 587 980 630">
     <span class='ocr_line' id='line_1_2' title="bbox 76 587 980 630; baseline -0.002 0"><span class='ocrx_word' id='word_1_3' title='bbox 76 587 279 630; x_wconf 85' lang='lat' dir='ltr'>Carmine</span> <span class='ocrx_word' id='word_1_4' title='bbox 303 587 475 630; x_wconf 83' lang='lat' dir='ltr'>divinas</span> <span class='ocrx_word' id='word_1_5' title='bbox 500 595 612 630; x_wconf 84' lang='lat' dir='ltr'>artes</span> <span class='ocrx_word' id='word_1_6' title='bbox 637 595 678 630; x_wconf 82' lang='lat' dir='ltr'>et</span> <span class='ocrx_word' id='word_1_7' title='bbox 703 588 872 630; x_wconf 86' lang='lat' dir='ltr'>conscia</span> <span class='ocrx_word' id='word_1_8' title='bbox 895 588 980 630; x_wconf 79' lang='lat' dir='ltr'>fati</span> 
     </span>
    </p>

    <p class='ocr_par' dir='ltr' id='par_1_3' title="bbox 76 646 1097 698">
     <span class='ocr_line' id='line_1_3' title="bbox 76 646 1097 698; baseline 0 -9"><span class='ocrx_word' id='word_1_9' title='bbox 76 646 230 698; x_wconf 82' lang='lat' dir='ltr'>sidera,</span> <span class='ocrx_word' id='word_1_10' title='bbox 257 647 446 689; x_wconf 84' lang='lat' dir='ltr'>diversos</span> <span class='ocrx_word' id='word_1_11' title='bbox 471 647 695 689; x_wconf 89' lang='lat' dir='ltr'>hominum</span> <span class='ocrx_word' id='word_1_12' title='bbox 722 647 937 689; x_wconf 80' lang='lat' dir='ltr'>variantia</span> <span class='ocrx_word' id='word_1_13' title='bbox 963 663 1097 696; x_wconf 80' lang='lat' dir='ltr'>casus,</span> 
     </span>
    </p>

    <p class='ocr_par' dir='ltr' id='par_1_4' title="bbox 78 706 1021 762">
     <span class='ocr_line' id='line_1_4' title="bbox 78 706 1021 762; baseline -0.001 -14"><span class='ocrx_word' id='word_1_14' title='bbox 78 706 272 748; x_wconf 85' lang='lat' dir='ltr'>caelestis</span> <span class='ocrx_word' id='word_1_15' title='bbox 291 706 473 749; x_wconf 88' lang='lat' dir='ltr'>rationis</span> <span class='ocrx_word' id='word_1_16' title='bbox 493 722 613 762; x_wconf 85' lang='lat' dir='ltr'>opus,</span> <span class='ocrx_word' id='word_1_17' title='bbox 634 708 842 748; x_wconf 76' lang='lat' dir='ltr'>deducere</span> <span class='ocrx_word' id='word_1_18' title='bbox 861 707 1021 749; x_wconf 89' lang='lat' dir='ltr'>mundo</span> 
     </span>
    </p>

    <p class='ocr_par' dir='ltr' id='par_1_5' title="bbox 79 765 1152 821">
     <span class='ocr_line' id='line_1_5' title="bbox 79 765 1152 821; baseline 0 -14"><span class='ocrx_word' id='word_1_19' title='bbox 79 765 309 820; x_wconf 86' lang='lat' dir='ltr'>aggredior</span> <span class='ocrx_word' id='word_1_20' title='bbox 332 766 582 821; x_wconf 88' lang='lat' dir='ltr'>primusque</span> <span class='ocrx_word' id='word_1_21' title='bbox 606 766 726 808; x_wconf 83' lang='lat' dir='ltr'>novis</span> <span class='ocrx_word' id='word_1_22' title='bbox 750 766 963 808; x_wconf 81' lang='lat' dir='ltr'>Helicona</span> <span class='ocrx_word' id='word_1_23' title='bbox 985 781 1152 807; x_wconf 79' lang='lat' dir='ltr'>movere</span> 
     </span>
    </p>

    <p class='ocr_par' dir='ltr' id='par_1_6' title="bbox 77 823 1075 875">
     <span class='ocr_line' id='line_1_6' title="bbox 77 823 1075 875; baseline 0 -9"><span class='ocrx_word' id='word_1_24' title='bbox 77 823 275 866; x_wconf 88' lang='lat' dir='ltr'>cantibus</span> <span class='ocrx_word' id='word_1_25' title='bbox 303 832 345 866; x_wconf 83' lang='lat' dir='ltr'>et</span> <span class='ocrx_word' id='word_1_26' title='bbox 370 825 502 866; x_wconf 88' lang='lat' dir='ltr'>viridi</span> <span class='ocrx_word' id='word_1_27' title='bbox 528 825 724 867; x_wconf 88' lang='lat' dir='ltr'>nutantis</span> <span class='ocrx_word' id='word_1_28' title='bbox 748 825 905 867; x_wconf 87' lang='lat' dir='ltr'>vertice</span> <span class='ocrx_word' id='word_1_29' title='bbox 932 824 1075 875; x_wconf 81' lang='lat' dir='ltr'>silvas,</span> 
     </span>
    </p>

    <p class='ocr_par' dir='ltr' id='par_1_7' title="bbox 78 883 1198 939">
     <span class='ocr_line' id='line_1_7' title="bbox 78 883 1198 939; baseline -0.001 -14"><span class='ocrx_word' id='word_1_30' title='bbox 78 883 248 939; x_wconf 82' lang='lat' dir='ltr'>hospita</span> <span class='ocrx_word' id='word_1_31' title='bbox 277 899 393 925; x_wconf 87' lang='lat' dir='ltr'>sacra</span> <span class='ocrx_word' id='word_1_32' title='bbox 419 885 563 925; x_wconf 78' lang='lat' dir='ltr'>ferens</span> <span class='ocrx_word' id='word_1_33' title='bbox 590 884 702 926; x_wconf 87' lang='lat' dir='ltr'>nulli</span> <span class='ocrx_word' id='word_1_34' title='bbox 729 891 964 926; x_wconf 85' lang='lat' dir='ltr'>memorata</span> <span class='ocrx_word' id='word_1_35' title='bbox 991 883 1198 939; x_wconf 87' lang='lat' dir='ltr'>priorum.</span> 
     </span>
    </p>

    <p class='ocr_par' dir='ltr' id='par_1_8' title="bbox 79 942 1345 998">
     <span class='ocr_line' id='line_1_8' title="bbox 79 942 1345 998; baseline 0 -14"><span class='ocrx_word' id='word_1_36' title='bbox 79 942 190 984; x_wconf 91' lang='lat' dir='ltr'>hunc</span> <span class='ocrx_word' id='word_1_37' title='bbox 214 942 323 984; x_wconf 87' lang='lat' dir='ltr'>mihi</span> <span class='ocrx_word' id='word_1_38' title='bbox 346 950 409 993; x_wconf 80' lang='lat' dir='ltr'>tn,</span> <span class='ocrx_word' id='word_1_39' title='bbox 434 943 603 993; x_wconf 86' lang='lat' dir='ltr'>Caesar,</span> <span class='ocrx_word' id='word_1_40' title='bbox 628 943 795 998; x_wconf 80' lang='lat' dir='ltr'>patriae</span> <span class='ocrx_word' id='word_1_41' title='bbox 819 943 1102 998; x_wconf 84' lang='lat' dir='ltr'>princepsque</span> <span class='ocrx_word' id='word_1_42' title='bbox 1126 949 1345 998; x_wconf 67' lang='lat' dir='ltr'>paterque,</span> 
     </span>
    </p>

    <p class='ocr_par' dir='ltr' id='par_1_9' title="bbox 78 1001 1125 1057">
     <span class='ocr_line' id='line_1_9' title="bbox 78 1001 1125 1057; baseline 0.002 -15"><span class='ocrx_word' id='word_1_43' title='bbox 78 1001 154 1056; x_wconf 92' lang='lat' dir='ltr'>qui</span> <span class='ocrx_word' id='word_1_44' title='bbox 177 1002 293 1056; x_wconf 86' lang='lat' dir='ltr'>regis</span> <span class='ocrx_word' id='word_1_45' title='bbox 317 1002 515 1057; x_wconf 83' lang='lat' dir='ltr'>augustis</span> <span class='ocrx_word' id='word_1_46' title='bbox 539 1009 761 1057; x_wconf 85' lang='lat' dir='ltr'>parentem</span> <span class='ocrx_word' id='word_1_47' title='bbox 785 1002 956 1057; x_wconf 82' lang='lat' dir='ltr'>legibus</span> <span class='ocrx_word' id='word_1_48' title='bbox 981 1003 1125 1044; x_wconf 85' lang='lat' dir='ltr'>orbem</span> 
     </span>
    </p>

    <p class='ocr_par' dir='ltr' id='par_1_10' title="bbox 78 1061 1229 1117">
     <span class='ocr_line' id='line_1_10' title="bbox 78 1061 1229 1117; baseline 0.001 -15"><span class='ocrx_word' id='word_1_49' title='bbox 78 1075 406 1116; x_wconf 83' lang='lat' dir='ltr'>concessumque</span> <span class='ocrx_word' id='word_1_50' title='bbox 428 1061 544 1116; x_wconf 88' lang='lat' dir='ltr'>patri</span> <span class='ocrx_word' id='word_1_51' title='bbox 566 1062 776 1103; x_wconf 87' lang='lat' dir='ltr'>mundum</span> <span class='ocrx_word' id='word_1_52' title='bbox 800 1063 903 1103; x_wconf 88' lang='lat' dir='ltr'>deus</span> <span class='ocrx_word' id='word_1_53' title='bbox 925 1062 1015 1117; x_wconf 87' lang='lat' dir='ltr'>ipse</span> <span class='ocrx_word' id='word_1_54' title='bbox 1039 1061 1229 1111; x_wconf 83' lang='lat' dir='ltr'>mereris,</span> 
     </span>
    </p>

    <p class='ocr_par' dir='ltr' id='par_1_11' title="bbox 78 1119 1480 1234">
     <span class='ocr_line' id='line_1_11' title="bbox 78 1119 1480 1175; baseline -0.001 -15"><span class='ocrx_word' id='word_1_55' title='bbox 78 1119 153 1161; x_wconf 85' lang='lat' dir='ltr'>das</span> <span class='ocrx_word' id='word_1_56' title='bbox 185 1119 379 1161; x_wconf 88' lang='lat' dir='ltr'>animum</span> <span class='ocrx_word' id='word_1_57' title='bbox 408 1121 603 1175; x_wconf 75' lang='lat' dir='ltr'>viresque</span> <span class='ocrx_word' id='word_1_58' title='bbox 632 1121 743 1162; x_wconf 83' lang='lat' dir='ltr'>facis</span> <span class='ocrx_word' id='word_1_59' title='bbox 771 1120 825 1162; x_wconf 88' lang='lat' dir='ltr'>ad</span> <span class='ocrx_word' id='word_1_60' title='bbox 858 1127 979 1162; x_wconf 83' lang='lat' dir='ltr'>tanta</span> <span class='ocrx_word' id='word_1_61' title='bbox 1012 1121 1214 1162; x_wconf 85' lang='lat' dir='ltr'>canenda.</span> <span class='ocrx_word' id='word_1_62' title='bbox 1450 1136 1480 1158; x_wconf 64' lang='grc' dir='ltr'>ευ</span> 
     </span>
     <span class='ocr_line' id='line_1_12' title="bbox 79 1177 1287 1234; baseline 0.001 -15"><span class='ocrx_word' id='word_1_63' title='bbox 79 1177 167 1220; x_wconf 90' lang='lat' dir='ltr'>iam</span> <span class='ocrx_word' id='word_1_64' title='bbox 191 1179 453 1234; x_wconf 89' lang='lat' dir='ltr'>propiusque</span> <span class='ocrx_word' id='word_1_65' title='bbox 475 1179 594 1221; x_wconf 81' lang='lat' dir='ltr'>favet</span> <span class='ocrx_word' id='word_1_66' title='bbox 619 1179 805 1220; x_wconf 88' lang='lat' dir='ltr'>mundus</span> <span class='ocrx_word' id='word_1_67' title='bbox 829 1179 1120 1221; x_wconf 79' lang='lat' dir='ltr'>scrutantibus</span> <span class='ocrx_word' id='word_1_68' title='bbox 1145 1179 1287 1234; x_wconf 89' lang='lat' dir='ltr'>ipsum</span> 
     </span>
    </p>

    <p class='ocr_par' dir='ltr' id='par_1_12' title="bbox 80 1237 1224 1293">
     <span class='ocr_line' id='line_1_13' title="bbox 80 1237 1224 1293; baseline -0.001 -14"><span class='ocrx_word' id='word_1_69' title='bbox 80 1244 122 1279; x_wconf 83' lang='lat' dir='ltr'>et</span> <span class='ocrx_word' id='word_1_70' title='bbox 147 1237 267 1292; x_wconf 82' lang='lat' dir='ltr'>cupit</span> <span class='ocrx_word' id='word_1_71' title='bbox 293 1238 504 1279; x_wconf 84' lang='lat' dir='ltr'>aetherios</span> <span class='ocrx_word' id='word_1_72' title='bbox 531 1253 606 1293; x_wconf 77' lang='lat' dir='ltr'>per</span> <span class='ocrx_word' id='word_1_73' title='bbox 632 1238 823 1279; x_wconf 85' lang='lat' dir='ltr'>carmina</span> <span class='ocrx_word' id='word_1_74' title='bbox 850 1239 1036 1293; x_wconf 89' lang='lat' dir='ltr'>pandere</span> <span class='ocrx_word' id='word_1_75' title='bbox 1062 1253 1224 1280; x_wconf 83' lang='lat' dir='ltr'>census.</span> 
     </span>
    </p>

    <p class='ocr_par' dir='ltr' id='par_1_13' title="bbox 80 1296 1262 1353">
     <span class='ocr_line' id='line_1_14' title="bbox 80 1296 1262 1353; baseline 0.002 -16"><span class='ocrx_word' id='word_1_76' title='bbox 80 1296 157 1337; x_wconf 89' lang='lat' dir='ltr'>hoc</span> <span class='ocrx_word' id='word_1_77' title='bbox 183 1296 260 1338; x_wconf 87' lang='lat' dir='ltr'>sub</span> <span class='ocrx_word' id='word_1_78' title='bbox 284 1312 386 1351; x_wconf 88' lang='lat' dir='ltr'>pace</span> <span class='ocrx_word' id='word_1_79' title='bbox 411 1304 533 1338; x_wconf 85' lang='lat' dir='ltr'>vacat</span> <span class='ocrx_word' id='word_1_80' title='bbox 557 1304 750 1347; x_wconf 76' lang='lat' dir='ltr'>tantum3</span> <span class='ocrx_word' id='word_1_81' title='bbox 785 1297 905 1339; x_wconf 76' lang='lat' dir='ltr'>iuvat</span> <span class='ocrx_word' id='word_1_82' title='bbox 931 1298 992 1338; x_wconf 88' lang='lat' dir='ltr'>ire</span> <span class='ocrx_word' id='word_1_83' title='bbox 1018 1313 1092 1353; x_wconf 90' lang='lat' dir='ltr'>per</span> <span class='ocrx_word' id='word_1_84' title='bbox 1118 1297 1262 1352; x_wconf 86' lang='lat' dir='ltr'>ipsum</span> 
     </span>
    </p>

    <p class='ocr_par' dir='ltr' id='par_1_14' title="bbox 78 1355 1065 1411">
     <span class='ocr_line' id='line_1_15' title="bbox 78 1355 1065 1411; baseline 0.002 -15"><span class='ocrx_word' id='word_1_85' title='bbox 78 1370 175 1397; x_wconf 89' lang='lat' dir='ltr'>aera</span> <span class='ocrx_word' id='word_1_86' title='bbox 198 1362 241 1397; x_wconf 85' lang='lat' dir='ltr'>et</span> <span class='ocrx_word' id='word_1_87' title='bbox 263 1355 472 1397; x_wconf 89' lang='lat' dir='ltr'>immenso</span> <span class='ocrx_word' id='word_1_88' title='bbox 497 1356 759 1411; x_wconf 84' lang='lat' dir='ltr'>spatiantem</span> <span class='ocrx_word' id='word_1_89' title='bbox 785 1356 926 1398; x_wconf 86' lang='lat' dir='ltr'>vivere</span> <span class='ocrx_word' id='word_1_90' title='bbox 950 1356 1065 1398; x_wconf 92' lang='lat' dir='ltr'>caelo</span> 
     </span>
    </p>

    <p class='ocr_par' dir='ltr' id='par_1_15' title="bbox 77 1413 1480 1530">
     <span class='ocr_line' id='line_1_16' title="bbox 77 1413 1480 1469; baseline -0.001 -14"><span class='ocrx_word' id='word_1_91' title='bbox 77 1413 288 1469; x_wconf 88' lang='lat' dir='ltr'>signaque</span> <span class='ocrx_word' id='word_1_92' title='bbox 312 1421 354 1456; x_wconf 83' lang='lat' dir='ltr'>et</span> <span class='ocrx_word' id='word_1_93' title='bbox 377 1415 574 1456; x_wconf 90' lang='lat' dir='ltr'>adversos</span> <span class='ocrx_word' id='word_1_94' title='bbox 597 1414 822 1457; x_wconf 84' lang='lat' dir='ltr'>stellarum</span> <span class='ocrx_word' id='word_1_95' title='bbox 847 1430 1017 1457; x_wconf 87' lang='lat' dir='ltr'>noscere</span> <span class='ocrx_word' id='word_1_96' title='bbox 1041 1431 1202 1457; x_wconf 90' lang='lat' dir='ltr'>cursus.</span> <span class='ocrx_word' id='word_1_97' title='bbox 1449 1430 1480 1454; x_wconf 86' lang='lat'>15</span> 
     </span>
     <span class='ocr_line' id='line_1_17' title="bbox 77 1473 1207 1540; baseline 0.001 -25"><span class='ocrx_word' id='word_1_98' title='bbox 77 1473 191 1528; x_wconf 91' lang='lat' dir='ltr'>quod</span> <span class='ocrx_word' id='word_1_99' title='bbox 214 1474 353 1515; x_wconf 85' lang='lat' dir='ltr'>solum</span> <span class='ocrx_word' id='word_1_100' title='bbox 375 1473 541 1515; x_wconf 88' lang='lat' dir='ltr'>novisse</span> <span class='ocrx_word' id='word_1_101' title='bbox 564 1489 717 1540; x_wconf 83' lang='lat' dir='ltr'>parum</span> <span class='ocrx_word' id='word_1_102' title='bbox 742 1481 816 1516; x_wconf 90' lang='lat' dir='ltr'>est.</span> <span class='ocrx_word' id='word_1_103' title='bbox 850 1474 1090 1529; x_wconf 89' lang='lat' dir='ltr'>impensius</span> <span class='ocrx_word' id='word_1_104' title='bbox 1113 1475 1207 1530; x_wconf 88' lang='lat' dir='ltr'>ipsa</span> 
     </span>
    </p>

    <p class='ocr_par' dir='ltr' id='par_1_16' title="bbox 78 1532 1178 1588">
     <span class='ocr_line' id='line_1_18' title="bbox 78 1532 1178 1588; baseline 0.002 -15"><span class='ocrx_word' id='word_1_105' title='bbox 78 1532 184 1573; x_wconf 89' lang='lat' dir='ltr'>scire</span> <span class='ocrx_word' id='word_1_106' title='bbox 210 1533 332 1574; x_wconf 80' lang='lat' dir='ltr'>iuvat</span> <span class='ocrx_word' id='word_1_107' title='bbox 357 1532 507 1587; x_wconf 87' lang='lat' dir='ltr'>magni</span> <span class='ocrx_word' id='word_1_108' title='bbox 533 1533 708 1588; x_wconf 88' lang='lat' dir='ltr'>penitus</span> <span class='ocrx_word' id='word_1_109' title='bbox 735 1534 984 1588; x_wconf 86' lang='lat' dir='ltr'>praecordia</span> <span class='ocrx_word' id='word_1_110' title='bbox 1010 1534 1178 1583; x_wconf 86' lang='lat' dir='ltr'>mundi,</span> 
     </span>
    </p>

    <p class='ocr_par' dir='ltr' id='par_1_17' title="bbox 79 1592 1203 1647">
     <span class='ocr_line' id='line_1_19' title="bbox 79 1592 1203 1647; baseline 0.002 -15"><span class='ocrx_word' id='word_1_111' title='bbox 79 1606 249 1647; x_wconf 91' lang='lat' dir='ltr'>quaque</span> <span class='ocrx_word' id='word_1_112' title='bbox 272 1599 395 1646; x_wconf 84' lang='lat' dir='ltr'>regat</span> <span class='ocrx_word' id='word_1_113' title='bbox 419 1598 678 1647; x_wconf 83' lang='lat' dir='ltr'>generetque</span> <span class='ocrx_word' id='word_1_114' title='bbox 703 1592 792 1634; x_wconf 88' lang='lat' dir='ltr'>suis</span> <span class='ocrx_word' id='word_1_115' title='bbox 817 1592 1027 1634; x_wconf 84' lang='lat' dir='ltr'>animalia</span> <span class='ocrx_word' id='word_1_116' title='bbox 1050 1593 1203 1647; x_wconf 84' lang='lat' dir='ltr'>signis,</span> 
     </span>
    </p>

    <p class='ocr_par' dir='ltr' id='par_1_18' title="bbox 79 1649 1336 1694">
     <span class='ocr_line' id='line_1_20' title="bbox 79 1649 1336 1694; baseline 0.002 -3"><span class='ocrx_word' id='word_1_117' title='bbox 79 1665 246 1692; x_wconf 88' lang='lat' dir='ltr'>cernere</span> <span class='ocrx_word' id='word_1_118' title='bbox 276 1657 319 1692; x_wconf 87' lang='lat' dir='ltr'>et</span> <span class='ocrx_word' id='word_1_119' title='bbox 346 1649 393 1692; x_wconf 91' lang='lat' dir='ltr'>in</span> <span class='ocrx_word' id='word_1_120' title='bbox 422 1666 650 1692; x_wconf 92' lang='lat' dir='ltr'>numerum</span> <span class='ocrx_word' id='word_1_121' title='bbox 681 1651 855 1693; x_wconf 92' lang='lat' dir='ltr'>Phoebo</span> <span class='ocrx_word' id='word_1_122' title='bbox 886 1652 1135 1694; x_wconf 87' lang='lat' dir='ltr'>modulante</span> <span class='ocrx_word' id='word_1_123' title='bbox 1166 1653 1336 1694; x_wconf 77' lang='lat' dir='ltr'>referle.</span> 
     </span>
    </p>

    <p class='ocr_par' dir='ltr' id='par_1_19' title="bbox 78 1708 1481 1825">
     <span class='ocr_line' id='line_1_21' title="bbox 80 1708 1481 1764; baseline 0 -14"><span class='ocrx_word' id='word_1_124' title='bbox 80 1708 182 1750; x_wconf 88' lang='lat' dir='ltr'>bina</span> <span class='ocrx_word' id='word_1_125' title='bbox 202 1709 312 1750; x_wconf 89' lang='lat' dir='ltr'>mihi</span> <span class='ocrx_word' id='word_1_126' title='bbox 333 1709 488 1764; x_wconf 86' lang='lat' dir='ltr'>positis</span> <span class='ocrx_word' id='word_1_127' title='bbox 508 1709 651 1752; x_wconf 85' lang='lat' dir='ltr'>lucent</span> <span class='ocrx_word' id='word_1_128' title='bbox 673 1710 830 1752; x_wconf 81' lang='lat' dir='ltr'>altaria</span> <span class='ocrx_word' id='word_1_129' title='bbox 849 1710 1059 1761; x_wconf 76' lang='lat' dir='ltr'>flammis,</span> <span class='ocrx_word' id='word_1_130' title='bbox 1448 1726 1481 1750; x_wconf 75' lang='lat'>20</span> 
     </span>
     <span class='ocr_line' id='line_1_22' title="bbox 78 1768 1228 1825; baseline 0.003 -16"><span class='ocrx_word' id='word_1_131' title='bbox 78 1768 132 1809; x_wconf 89' lang='lat' dir='ltr'>ad</span> <span class='ocrx_word' id='word_1_132' title='bbox 152 1768 237 1809; x_wconf 93' lang='lat' dir='ltr'>duo</span> <span class='ocrx_word' id='word_1_133' title='bbox 257 1768 418 1823; x_wconf 85' lang='lat' dir='ltr'>templa</span> <span class='ocrx_word' id='word_1_134' title='bbox 439 1784 586 1824; x_wconf 82' lang='lat' dir='ltr'>precor</span> <span class='ocrx_word' id='word_1_135' title='bbox 605 1769 775 1825; x_wconf 86' lang='lat' dir='ltr'>duplici</span> <span class='ocrx_word' id='word_1_136' title='bbox 797 1769 1087 1812; x_wconf 85' lang='lat' dir='ltr'>circumdatus</span> <span class='ocrx_word' id='word_1_137' title='bbox 1109 1777 1228 1812; x_wconf 85' lang='lat' dir='ltr'>aestu</span> 
     </span>
    </p>
   </div>
   <div class='ocr_carea' id='block_1_3' title="bbox 78 1856 198 1861">
    <p class='ocr_par' dir='ltr' id='par_1_20' title="bbox 78 1856 198 1861">
     <span class='ocr_line' id='line_1_23' title="bbox 78 1856 198 1861; baseline 0 0"><span class='ocrx_word' id='word_1_138' title='bbox 78 1856 198 1861; x_wconf 95' lang='lat' dir='ltr'> </span> 
     </span>
    </p>
   </div>
   <div class='ocr_carea' id='block_1_4' title="bbox 137 1896 1121 1932">
    <p class='ocr_par' dir='ltr' id='par_1_21' title="bbox 137 1896 1121 1932">
     <span class='ocr_line' id='line_1_24' title="bbox 137 1896 1121 1932; baseline 0.002 -2"><span class='ocrx_word' id='word_1_139' title='bbox 137 1903 173 1929; x_wconf 84' lang='lat'>10</span> <span class='ocrx_word' id='word_1_140' title='bbox 198 1896 333 1931; x_wconf 84' lang='lat' dir='ltr'>Lucan.</span> <span class='ocrx_word' id='word_1_141' title='bbox 354 1896 369 1930; x_wconf 94' lang='lat' dir='ltr'>I</span> <span class='ocrx_word' id='word_1_142' title='bbox 397 1899 439 1930; x_wconf 86' lang='grc'>66</span> <span class='ocrx_word' id='word_1_143' title='bbox 538 1903 646 1930; x_wconf 82' lang='lat'>13—15</span> <span class='ocrx_word' id='word_1_144' title='bbox 673 1897 794 1932; x_wconf 88' lang='lat' dir='ltr'>Germ.</span> <span class='ocrx_word' id='word_1_145' title='bbox 815 1899 918 1932; x_wconf 62' lang='lat' dir='ltr'>Arai).</span> <span class='ocrx_word' id='word_1_146' title='bbox 940 1898 954 1931; x_wconf 95' lang='lat' dir='ltr'>I</span> <span class='ocrx_word' id='word_1_147' title='bbox 984 1902 1121 1932; x_wconf 84' lang='lat'>10—13</span> 
     </span>
    </p>
   </div>
   <div class='ocr_carea' id='block_1_5' title="bbox 76 2009 1429 2397">
    <p class='ocr_par' dir='ltr' id='par_1_22' title="bbox 135 2009 886 2055">
     <span class='ocr_line' id='line_1_25' title="bbox 135 2009 886 2055; baseline 0.003 -13"><span class='ocrx_word' id='word_1_148' title='bbox 135 2009 282 2052; x_wconf 71' lang='lat' dir='ltr'>(usque</span> <span class='ocrx_word' id='word_1_149' title='bbox 309 2009 356 2042; x_wconf 83' lang='lat' dir='ltr'>ad</span> <span class='ocrx_word' id='word_1_150' title='bbox 382 2020 528 2044; x_wconf 84' lang='lat' dir='ltr'>versum</span> <span class='ocrx_word' id='word_1_151' title='bbox 556 2013 599 2043; x_wconf 80' lang='lat'>83</span> <span class='ocrx_word' id='word_1_152' title='bbox 627 2010 733 2044; x_wconf 80' lang='lat' dir='ltr'>deest</span> <span class='ocrx_word' id='word_1_153' title='bbox 760 2010 798 2044; x_wconf 88' lang='lat' dir='ltr'>in</span> <span class='ocrx_word' id='word_1_154' title='bbox 820 2011 886 2055; x_wconf 80' lang='grc' dir='ltr'>Μ’)</span> 
     </span>
    </p>

    <p class='ocr_par' dir='ltr' id='par_1_23' title="bbox 77 2061 1428 2202">
     <span class='ocr_line' id='line_1_26' title="bbox 137 2061 1428 2108; baseline 0.002 -13"><span class='ocrx_word' id='word_1_155' title='bbox 137 2061 243 2095; x_wconf 81' lang='lat' dir='ltr'>Arati</span> <span class='ocrx_word' id='word_1_156' title='bbox 267 2061 487 2106; x_wconf 84' lang='lat' dir='ltr'>Philosophi</span> <span class='ocrx_word' id='word_1_157' title='bbox 512 2062 795 2097; x_wconf 79' lang='lat' dir='ltr'>Astronomicon</span> <span class='ocrx_word' id='word_1_158' title='bbox 821 2063 915 2097; x_wconf 84' lang='lat' dir='ltr'>liber</span> <span class='ocrx_word' id='word_1_159' title='bbox 943 2064 1084 2108; x_wconf 84' lang='lat' dir='ltr'>primus</span> <span class='ocrx_word' id='word_1_160' title='bbox 1111 2064 1244 2108; x_wconf 81' lang='lat' dir='ltr'>incipit</span> <span class='ocrx_word' id='word_1_161' title='bbox 1268 2063 1428 2108; x_wconf 81' lang='lat' dir='ltr'>preliba-</span> 
     </span>
     <span class='ocr_line' id='line_1_27' title="bbox 77 2107 1426 2158; baseline 0.003 -17"><span class='ocrx_word' id='word_1_162' title='bbox 77 2107 130 2141; x_wconf 73' lang='lat' dir='ltr'>tio</span> <span class='ocrx_word' id='word_1_163' title='bbox 145 2111 170 2141; x_wconf 82' lang='lat'>1.</span> <span class='ocrx_word' id='word_1_164' title='bbox 190 2108 320 2153; x_wconf 83' lang='lat' dir='ltr'>(Marci</span> <span class='ocrx_word' id='word_1_165' title='bbox 334 2109 482 2144; x_wconf 87' lang='lat' dir='ltr'>Manilii</span> <span class='ocrx_word' id='word_1_166' title='bbox 500 2121 545 2145; x_wconf 75' lang='lat' dir='ltr'>ss.</span> <span class='ocrx_word' id='word_1_167' title='bbox 559 2122 657 2145; x_wconf 77' lang='lat' dir='ltr'>man.</span> <span class='ocrx_word' id='word_1_168' title='bbox 672 2122 761 2146; x_wconf 81' lang='lat' dir='ltr'>saec.</span> <span class='ocrx_word' id='word_1_169' title='bbox 772 2112 908 2156; x_wconf 86' lang='lat' dir='ltr'><em>XVI)</em></span> <span class='ocrx_word' id='word_1_170' title='bbox 933 2112 1124 2156; x_wconf 73' lang='lat' dir='ltr'>inseriptzo</span> <span class='ocrx_word' id='word_1_171' title='bbox 1143 2113 1303 2158; x_wconf 74' lang='lat' dir='ltr'>yenuina</span> <span class='ocrx_word' id='word_1_172' title='bbox 1325 2123 1426 2145; x_wconf 80' lang='lat' dir='ltr'>erasa</span> 
     </span>
     <span class='ocr_line' id='line_1_28' title="bbox 77 2155 1242 2202; baseline 0.005 -14"><span class='ocrx_word' id='word_1_173' title='bbox 77 2155 118 2188; x_wconf 81' lang='lat' dir='ltr'>in</span> <span class='ocrx_word' id='word_1_174' title='bbox 138 2158 165 2188; x_wconf 80' lang='lat' dir='ltr'>G</span> <span class='ocrx_word' id='word_1_175' title='bbox 192 2155 340 2200; x_wconf 83' lang='lat' dir='ltr'>(Malius</span> <span class='ocrx_word' id='word_1_176' title='bbox 367 2159 480 2201; x_wconf 76' lang='lat' dir='ltr'>poeta</span> <span class='ocrx_word' id='word_1_177' title='bbox 504 2169 601 2192; x_wconf 76' lang='lat' dir='ltr'>man.</span> <span class='ocrx_word' id='word_1_178' title='bbox 622 2169 713 2192; x_wconf 77' lang='lat' dir='ltr'>saec.</span> <span class='ocrx_word' id='word_1_179' title='bbox 734 2159 850 2202; x_wconf 86' lang='lat' dir='ltr'><strong><em>XV);</em></strong></span> <span class='ocrx_word' id='word_1_180' title='bbox 877 2159 920 2193; x_wconf 83' lang='lat' dir='ltr'>de</span> <span class='ocrx_word' id='word_1_181' title='bbox 939 2163 974 2193; x_wconf 78' lang='lat' dir='ltr'>M</span> <span class='ocrx_word' id='word_1_182' title='bbox 1000 2159 1044 2202; x_wconf 77' lang='lat' dir='ltr'>cf.</span> <span class='ocrx_word' id='word_1_183' title='bbox 1067 2160 1116 2194; x_wconf 79' lang='lat' dir='ltr'>ad</span> <span class='ocrx_word' id='word_1_184' title='bbox 1136 2161 1162 2193; x_wconf 94' lang='lat' dir='ltr'><em>I</em></span> <span class='ocrx_word' id='word_1_185' title='bbox 1182 2160 1242 2194; x_wconf 82' lang='lat'>83.</span> 
     </span>
    </p>

    <p class='ocr_par' dir='ltr' id='par_1_24' title="bbox 76 2209 1429 2397">
     <span class='ocr_line' id='line_1_29' title="bbox 136 2209 1429 2256; baseline 0.002 -14"><span class='ocrx_word' id='word_1_186' title='bbox 136 2214 154 2241; x_wconf 77' lang='grc' dir='ltr'><strong>ὅ</strong></span> <span class='ocrx_word' id='word_1_187' title='bbox 179 2209 348 2243; x_wconf 72' lang='lat' dir='ltr'>nutantis</span> <span class='ocrx_word' id='word_1_188' title='bbox 368 2212 436 2256; x_wconf 77' lang='lat' dir='ltr'>LU,</span> <span class='ocrx_word' id='word_1_189' title='bbox 472 2212 644 2245; x_wconf 72' lang='lat' dir='ltr'>nutantes</span> <span class='ocrx_word' id='word_1_190' title='bbox 666 2214 693 2244; x_wconf 86' lang='lat' dir='ltr'>G</span> <span class='ocrx_word' id='word_1_191' title='bbox 723 2211 964 2245; x_wconf 76' lang='lat' dir='ltr'>imitantesu</span> <span class='ocrx_word' id='word_1_192' title='bbox 1079 2219 1112 2245; x_wconf 92' lang='lat'>11</span> <span class='ocrx_word' id='word_1_193' title='bbox 1139 2211 1291 2256; x_wconf 83' lang='lat' dir='ltr'>propius</span> <span class='ocrx_word' id='word_1_194' title='bbox 1323 2223 1429 2245; x_wconf 90' lang='lat' dir='ltr'>mun-</span> 
     </span>
     <span class='ocr_line' id='line_1_30' title="bbox 78 2253 1429 2303; baseline 0.002 -15"><span class='ocrx_word' id='word_1_195' title='bbox 78 2253 221 2298; x_wconf 85' lang='lat' dir='ltr'>dusque</span> <span class='ocrx_word' id='word_1_196' title='bbox 246 2255 346 2290; x_wconf 76' lang='lat' dir='ltr'>favet</span> <span class='ocrx_word' id='word_1_197' title='bbox 371 2260 410 2303; x_wconf 85' lang='lat' dir='ltr'>U</span> <span class='ocrx_word' id='word_1_198' title='bbox 571 2264 607 2291; x_wconf 77' lang='lat'>12</span> <span class='ocrx_word' id='word_1_199' title='bbox 634 2268 764 2292; x_wconf 75' lang='lat' dir='ltr'>census</span> <span class='ocrx_word' id='word_1_200' title='bbox 790 2258 883 2294; x_wconf 80' lang='lat' dir='ltr'>Scal.</span> <span class='ocrx_word' id='word_1_201' title='bbox 911 2270 1039 2293; x_wconf 80' lang='lat' dir='ltr'>sensus</span> <span class='ocrx_word' id='word_1_202' title='bbox 1060 2262 1115 2292; x_wconf 85' lang='lat' dir='ltr'>LG</span> <span class='ocrx_word' id='word_1_203' title='bbox 1223 2265 1259 2292; x_wconf 85' lang='lat'>13</span> <span class='ocrx_word' id='word_1_204' title='bbox 1285 2258 1355 2292; x_wconf 90' lang='lat' dir='ltr'>hoc</span> <span class='ocrx_word' id='word_1_205' title='bbox 1375 2262 1429 2291; x_wconf 83' lang='lat' dir='ltr'>LG</span> 
     </span>
     <span class='ocr_line' id='line_1_31' title="bbox 76 2283 1429 2352; baseline 0.001 -14"><span class='ocrx_word' id='word_1_206' title='bbox 76 2300 147 2335; x_wconf 79' lang='lat' dir='ltr'>hac</span> <span class='ocrx_word' id='word_1_207' title='bbox 166 2305 206 2348; x_wconf 78' lang='lat' dir='ltr'>U</span> <span class='ocrx_word' id='word_1_208' title='bbox 244 2329 257 2349; x_wconf 58' lang='grc' dir='ltr'><strong>Ξ</strong></span> <span class='ocrx_word' id='word_1_209' title='bbox 346 2283 460 2338; x_wconf 77' lang='lat' dir='ltr'>vacat</span> <span class='ocrx_word' id='word_1_210' title='bbox 475 2307 543 2351; x_wconf 79' lang='lat' dir='ltr'>GU</span> <span class='ocrx_word' id='word_1_211' title='bbox 576 2306 630 2350; x_wconf 75' lang='lat' dir='ltr'>(in</span> <span class='ocrx_word' id='word_1_212' title='bbox 656 2307 714 2348; x_wconf 86' lang='lat' dir='ltr'>m.)</span> <span class='ocrx_word' id='word_1_213' title='bbox 741 2308 848 2340; x_wconf 75' lang='lat' dir='ltr'>vocat</span> <span class='ocrx_word' id='word_1_214' title='bbox 874 2309 941 2352; x_wconf 79' lang='lat' dir='ltr'>Lu</span> <span class='ocrx_word' id='word_1_215' title='bbox 979 2333 991 2352; x_wconf 67' lang='lat'>2</span> <span class='ocrx_word' id='word_1_216' title='bbox 1081 2307 1228 2339; x_wconf 73' lang='lat' dir='ltr'>tantum</span> <span class='ocrx_word' id='word_1_217' title='bbox 1248 2309 1345 2351; x_wconf 78' lang='lat' dir='ltr'>LGrl]l</span> <span class='ocrx_word' id='word_1_218' title='bbox 1376 2307 1429 2349; x_wconf 79' lang='lat' dir='ltr'>(in</span> 
     </span>
     <span class='ocr_line' id='line_1_32' title="bbox 78 2329 1116 2397; baseline 0.004 -15"><span class='ocrx_word' id='word_1_219' title='bbox 78 2351 136 2388; x_wconf 78' lang='lat' dir='ltr'>m.)</span> <span class='ocrx_word' id='word_1_220' title='bbox 163 2329 314 2384; x_wconf 74' lang='lat' dir='ltr'>tandem</span> <span class='ocrx_word' id='word_1_221' title='bbox 333 2354 388 2397; x_wconf 78' lang='lat' dir='ltr'>Ul</span> <span class='ocrx_word' id='word_1_222' title='bbox 410 2378 423 2397; x_wconf 66' lang='lat'>2</span> <span class='ocrx_word' id='word_1_223' title='bbox 523 2332 559 2386; x_wconf 66' lang='lat'>1¹8</span> <span class='ocrx_word' id='word_1_224' title='bbox 585 2363 732 2396; x_wconf 84' lang='lat' dir='ltr'>quaque</span> <span class='ocrx_word' id='word_1_225' title='bbox 753 2353 847 2388; x_wconf 83' lang='lat' dir='ltr'>Scal.</span> <span class='ocrx_word' id='word_1_226' title='bbox 874 2364 1041 2396; x_wconf 82' lang='lat' dir='ltr'>quaeque</span> <span class='ocrx_word' id='word_1_227' title='bbox 1062 2357 1116 2386; x_wconf 87' lang='lat' dir='ltr'>LG</span> 
     </span>
    </p>
   </div>
   <div class='ocr_carea' id='block_1_6' title="bbox 150 2414 1214 2449">
    <p class='ocr_par' dir='ltr' id='par_1_25' title="bbox 150 2414 1214 2449">
     <span class='ocr_line' id='line_1_33' title="bbox 150 2414 1214 2449; baseline 0.008 -12"><span class='ocrx_word' id='word_1_228' title='bbox 150 2414 269 2439; x_wconf 84' lang='lat' dir='ltr'>Manilii</span> <span class='ocrx_word' id='word_1_229' title='bbox 288 2416 343 2440; x_wconf 78' lang='lat' dir='ltr'>Ast</span> <span class='ocrx_word' id='word_1_230' title='bbox 346 2417 499 2442; x_wconf 79' lang='lat' dir='ltr'>ronomica</span> <span class='ocrx_word' id='word_1_231' title='bbox 520 2417 564 2442; x_wconf 83' lang='lat' dir='ltr'>ed.</span> <span class='ocrx_word' id='word_1_232' title='bbox 585 2425 655 2442; x_wconf 78' lang='lat' dir='ltr'>van</span> <span class='ocrx_word' id='word_1_233' title='bbox 671 2419 851 2449; x_wconf 55' lang='lat' dir='ltr'>NVagenin</span> <span class='ocrx_word' id='word_1_234' title='bbox 862 2424 931 2449; x_wconf 76' lang='lat' dir='ltr'>gen</span> <span class='ocrx_word' id='word_1_235' title='bbox 1197 2416 1214 2445; x_wconf 89' lang='grc'><strong>1</strong></span> 
     </span>
    </p>
   </div>
  </div>
 </body>
</html>
