1627 2517
183 121 238 163 98
574 121 762 156 MANILII
787 121 1133 157 ASTRONOMICA
1382 122 1460 158 Lib.
1482 122 1531 158 m

119 254 125 257 -
183 244 258 284 per
279 229 486 271 minimas
506 230 623 284 cogit
644 230 760 272 luces
781 236 823 272 et
845 230 1037 272 maxima
1058 231 1196 273 noctis

108 366 160 391 640

106 664 156 689 645

106 959 157 984 650

96 1254 155 1279 ⁵55

100 1550 152 1576 660

182 296 377 344 tempora
398 290 686 344 producitque
708 289 823 331 diem
847 290 1129 345 tenebrasque
1152 290 1329 332 resolvit

182 348 314 403 inque
339 349 476 389 vicem
502 363 616 390 nunc
640 349 801 390 damna
826 349 950 404 legit,
978 365 1090 391 nunc
1115 356 1310 405 tempora
1336 350 1523 406 supplet.

181 415 283 449 tunc
304 407 419 462 riget
441 407 582 449 omnis
603 423 720 463 ager,
743 408 938 451 clausum
961 424 1092 459 mare,
1114 409 1289 451 condita
1309 416 1462 460 castra,

180 481 256 507 nec
283 468 471 508 tolerant
499 468 664 509 medias
693 468 855 510 hiemes
883 469 1088 510 sudantia
1117 484 1234 518 saxa,

180 532 351 581 statque
384 542 469 568 uno
502 534 659 568 natura
691 527 783 569 loco
815 528 1081 583 paulumque
1116 527 1314 583 quiescit.

181 586 382 640 proxima
407 585 453 626 in
480 587 691 628 effectum
717 594 760 628 et
787 586 946 628 similis
973 587 1209 629 referentia
1234 595 1378 629 motus

178 659 267 686 esse
293 646 444 687 ferunt
470 646 586 687 luces
613 646 848 700 aequantia
876 646 1003 700 signa
1031 646 1232 688 tenebris.

179 719 366 759 namque
394 705 526 746 Aries
557 705 780 747 Phoebum
811 712 1075 760 repetentem
1106 706 1248 747 sidera
1278 705 1436 748 Cancri

181 763 294 805 inter
322 763 588 818 principium
618 765 782 806 reditus
808 764 1033 819 finemque
1061 772 1234 815 coercet,

177 828 373 877 tempora
403 823 544 864 diviso
574 823 762 877 iungens
791 824 1019 866 concordia
1049 825 1225 874 mundo,

176 882 475 937 convertitque
503 882 616 924 vices
641 883 892 938 victumque
920 899 944 925 a
973 883 1112 925 sidere
1140 884 1319 925 brumae

178 956 435 996 exsuperare
463 942 581 983 diem
610 942 731 984 iubet
760 949 801 984 et
830 943 1105 984 succumbere
1133 950 1291 993 noctes,

178 1000 333 1042 aestivi
363 1002 498 1042 donec
527 1001 705 1043 veniant
735 1002 789 1043 ad
821 1001 962 1043 sidera
994 1002 1164 1044 Cancri.

178 1067 271 1101 tum
296 1060 489 1115 primum
515 1060 614 1102 miti
641 1061 823 1116 pelagus
849 1061 1142 1103 consternitur
1168 1062 1297 1111 unda,

176 1126 218 1160 et
242 1119 385 1161 varios
410 1120 541 1161 audet
564 1120 699 1162 flores
725 1120 925 1162 emittere
951 1121 1093 1162 tellus.

175 1184 277 1220 tunc
306 1180 521 1233 pecudum
550 1180 858 1234 volucrumque
887 1194 1023 1234 genus
1052 1195 1128 1234 per
1156 1180 1316 1235 pabula
1342 1180 1458 1222 laeta

176 1237 223 1278 in
251 1253 448 1279 venerem
477 1245 739 1293 partumque
767 1239 872 1289 ruit,
903 1246 1130 1294 totumque
1159 1255 1315 1281 canora

176 1312 273 1338 voce
298 1312 449 1338 nemus
472 1298 669 1352 loquitur
691 1299 979 1353 frondemque
1003 1299 1179 1340 virescit
1202 1299 1250 1340 in
1273 1314 1456 1340 omnem.

176 1355 343 1397 viribus
372 1357 419 1397 in
449 1363 620 1398 tantum
651 1357 798 1411 segnis
828 1364 984 1399 natura
1014 1365 1225 1399 movetur.

176 1415 277 1457 huic
299 1430 351 1457 ex
373 1416 550 1457 adverso
573 1416 711 1457 simili
735 1431 831 1457 cum
857 1424 968 1458 sorte
990 1417 1183 1471 refulget

175 1474 309 1516 Libra
331 1474 449 1516 diem
472 1482 727 1530 noctemque
750 1475 845 1530 pari
871 1490 968 1517 cum
991 1476 1166 1517 foedere
1188 1476 1369 1527 ducens;

173 1540 344 1575 tantum
368 1535 481 1588 quod
504 1534 641 1576 victas
664 1550 798 1589 usque
822 1535 875 1576 ad
900 1550 942 1576 se
964 1535 1133 1576 vincere
1155 1542 1299 1577 noctes

171 1607 223 1634 ex
249 1593 344 1648 ipsa
369 1593 491 1635 iubet
515 1594 569 1635 ad
596 1594 787 1635 brumae.
823 1600 916 1636 tum
941 1601 1136 1649 tempora
1161 1595 1312 1644 vincit,

172 1659 264 1694 tum
292 1653 424 1694 Liber
451 1652 632 1707 gravida
660 1653 881 1695 descendit
908 1653 1063 1708 plenus
1090 1654 1144 1696 ab
1171 1654 1288 1696 ulmo

171 1711 443 1767 pinguiaque
464 1712 688 1767 impressis
709 1713 937 1767 despumat
958 1720 1100 1755 musta
1122 1713 1315 1754 racemis.

227 1823 286 1850 655
313 1816 440 1852 Claud.
468 1817 582 1862 Nupt.
605 1821 665 1852 65:
695 1817 838 1852 ‘vivunt
863 1818 900 1851 in
926 1818 1121 1853 Venerem'
1145 1847 1152 1852 .
1174 1846 1181 1852 .
1204 1846 1210 1853 .

227 1906 287 1932 638
313 1902 370 1934 ter
390 1904 417 1933 G
467 1901 585 1944 surgit
605 1902 725 1936 Bentl.
835 1909 895 1935 646
921 1901 1077 1946 supplex
1098 1906 1125 1935 G
1229 1909 1285 1935 641
1312 1901 1409 1946 riget
1429 1902 1517 1946 Raey.

169 1945 251 1991 figit
271 1950 306 1980 Η
331 1946 430 1990 fugit
449 1951 505 1981 LG
618 1955 677 1982 643
704 1950 853 1993 statque
879 1960 952 1983 uno
974 1953 1002 1982 G
1027 1951 1104 1983 stat
1128 1949 1260 1993 quinto
1281 1953 1315 1982 M
1342 1949 1517 1992 stantque

167 2004 240 2028 uno
260 1997 286 2027 L
395 2001 453 2027 644
480 1994 516 2027 in
545 1994 716 2030 effectum
737 1996 851 2032 Jacob
883 1997 921 2030 in
948 1996 1123 2031 infectum
1145 1999 1169 2029 0
1196 1996 1234 2030 in
1255 1997 1293 2029 in
1314 1995 1472 2030 efectum
1494 1999 1516 2029 c

215 2040 347 2075 similis
368 2045 394 2075 G
421 2041 535 2075 simili
555 2046 615 2076 ML
760 2050 819 2077 645
845 2043 963 2090 luces]
989 2043 1097 2077 lunas
1123 2044 1188 2078 Br.
1225 2044 1352 2078 noctes
1373 2043 1465 2078 Scal.

168 2088 331 2123 tenebris
352 2089 472 2123 Bentl.
500 2089 630 2123 diebus
653 2093 676 2123 0
693 2091 758 2125 Br.
902 2098 961 2124 646
987 2101 1146 2134 namque
1166 2094 1227 2124 n
1253 2090 1402 2134 iamque
1423 2094 1452 2124 G

165 2142 225 2169 646
258 2146 281 2169 a
306 2136 425 2170 sidere
444 2139 479 2169 M
515 2137 561 2170 ad
588 2137 711 2171 sidera
730 2141 786 2171 LG
890 2145 945 2172 651
977 2138 1104 2172 veniat
1129 2148 1151 2171 a
1176 2137 1297 2172 sidere
1317 2141 1351 2171 Μ
1456 2144 1515 2172 652

167 2185 247 2217 tum
266 2186 328 2217 ma
354 2186 444 2217 tunc
465 2187 492 2217 G
599 2191 655 2217 657
682 2184 837 2230 viribus]
863 2185 982 2220 vernis
1001 2185 1115 2220 Jacob
1142 2187 1313 2229 (retinens
1338 2184 1467 2229 signis)

166 2230 291 2275 segnis
313 2234 340 2264 G
365 2230 482 2275 signis
500 2234 562 2264 ΠΙ.
671 2238 730 2265 658
757 2231 842 2265 hinc
863 2236 890 2266 G
1003 2239 1063 2266 656
1088 2232 1170 2276 pari
1196 2244 1279 2267 cum
1301 2233 1387 2277 Rey.
1414 2231 1514 2276 pari-

166 2278 227 2311 tur
245 2281 280 2311 M
306 2278 467 2322 partitur
480 2282 535 2312 LG
583 2278 730 2313 foedere
746 2279 833 2324 Ray.
860 2279 1011 2314 foedera
1025 2283 1049 2313 0
1100 2280 1238 2314 ducens
1254 2284 1281 2314 G
1306 2279 1437 2314 ducem
1451 2283 1513 2312 ΠΙ.

213 2330 269 2358 661
296 2324 401 2359 iubet
426 2325 489 2371 ad]
517 2325 617 2360 vivet
643 2336 664 2360 a
684 2330 718 2360 M
793 2326 959 2360 brumam
981 2327 1074 2362 Scal.
1148 2329 1228 2361 tum
1247 2331 1304 2360 LG
1329 2338 1413 2361 cum
1430 2330 1466 2360 Π

166 2371 282 2405 vincit
300 2372 374 2405 L²G
399 2372 526 2407 vincat
543 2373 624 2406 ΞΛΜ
721 2380 780 2407 666
806 2374 1003 2418 despumat
1023 2375 1087 2410 Br.
1116 2374 1337 2419 despumant
1357 2377 1381 2407 0
