1627 2517
81 229 131 256 180

80 525 131 551 185

81 822 132 847 190

82 1119 131 1144 195

81 1415 132 1440 200

80 1711 132 1736 205

152 102 209 144 80
541 101 729 137 MANILII
755 101 1099 136 ASTRONOMICA
1348 103 1430 138 Lib.
1450 102 1499 138 111

151 218 392 253 transverso
414 210 614 253 Phoebus
634 210 671 252 si
692 210 867 252 cardine
889 210 1041 252 celsior
1061 210 1160 260 ibit,

151 270 228 325 qui
251 277 367 312 tenet
389 277 603 320 exortum,
627 270 693 311 vel
717 270 793 325 qui
816 270 1030 324 demergit
1053 270 1100 311 in
1125 270 1275 319 undas,

150 344 225 385 per
254 336 424 384 tempus
452 329 553 371 licet
583 329 786 371 affirmes
813 336 965 371 natum
995 344 1082 370 esse
1108 328 1210 370 diei.

151 395 195 430 at
220 388 258 430 si
283 388 489 430 subiectis
513 387 626 430 senis
651 388 845 442 fulgebit
871 388 917 429 in
942 388 1070 430 astris

153 447 337 489 inferior
367 448 518 489 dextra
548 448 754 502 laevaque
782 447 1029 489 tenentibus
1061 447 1204 489 orbem

151 506 416 556 cardinibus,
440 506 578 549 noctis
598 506 737 548 fuerit
756 521 834 562 per
858 513 1051 562 tempora
1074 514 1216 548 natus.

151 566 255 607 haec
276 565 360 608 tibi
382 581 478 608 cum
499 566 669 608 fuerint
692 573 806 608 certo
827 566 1079 608 discrimine
1099 574 1216 615 nota,

152 632 267 676 tunc,
295 625 333 667 si
358 625 474 667 forte
501 625 593 667 dies
621 632 867 667 nascentem
895 625 1110 680 exceperit
1137 624 1265 674 alma,

151 700 175 726 a
198 684 285 727 sole
307 684 361 726 ad
384 684 534 727 lunam
557 685 807 726 numerabis
829 684 877 726 in
899 685 1049 726 ordine
1072 692 1216 739 partes

151 743 391 798 signorum,
415 744 555 786 ortivo
577 744 761 786 totidem
784 744 835 785 de
859 743 1033 785 cardine
1056 744 1197 793 duces,

151 818 279 858 quem
304 803 410 845 bene
434 803 613 858 partitis
638 810 879 845 memorant
905 803 1168 858 horoscopon
1193 802 1346 853 astris;

150 863 196 904 in
224 862 525 918 quodcumque
553 862 694 917 igitur
722 877 925 904 numerus
953 862 1195 917 pervenerit
1224 867 1402 904 astrum.

152 922 230 963 hoc
252 921 307 963 da
329 921 575 971 Fortunae;
608 921 764 975 iunges
788 928 891 963 tunc
914 928 1053 962 cetera
1076 920 1216 975 signis

151 980 271 1022 athla
295 981 385 1022 suis
408 988 523 1022 certo
547 980 834 1022 subeuntibus
859 980 1008 1022 ordine
1033 979 1213 1022 cunctis.

151 1047 195 1081 at
219 1055 317 1082 cum
340 1040 525 1082 obducta
549 1039 691 1094 nigris
716 1055 801 1082 nox
827 1039 971 1081 orbem
995 1039 1154 1081 texerit
1178 1039 1274 1089 alis,

151 1099 188 1140 si
209 1099 307 1154 quis
325 1099 422 1149 erit,
444 1099 519 1154 qui
540 1106 634 1141 tum
654 1105 850 1141 materna
868 1099 1095 1141 excesserit
1115 1099 1224 1148 alvo,

151 1165 268 1200 verte
290 1158 396 1208 vias,
420 1158 531 1200 sicut
553 1165 734 1200 naturae
756 1158 942 1200 vertitur
965 1158 1081 1200 ordo.

151 1218 323 1260 consule
345 1225 438 1260 tum
460 1217 663 1260 Phoeben
684 1217 934 1259 imitantem
956 1217 1125 1260 lumina
1144 1217 1300 1259 fratris

151 1291 318 1332 semper
345 1284 387 1319 et
415 1277 462 1318 in
490 1277 666 1332 proprio
695 1284 949 1331 regnantem
978 1284 1169 1332 tempore
1195 1276 1348 1319 noctis.

152 1343 341 1391 quotque
365 1336 417 1378 ab
441 1351 489 1378 ea
512 1336 714 1378 Phoebus
738 1343 882 1391 partes
907 1343 947 1377 et
969 1336 1096 1390 signa
1119 1335 1295 1385 recedit,

152 1402 215 1437 tot
236 1410 462 1437 numerare
483 1395 603 1437 iubet
624 1395 802 1449 fulgens
824 1395 1082 1450 horoscopus
1103 1410 1127 1436 a
1147 1410 1212 1445 se;

152 1455 264 1496 hunc
287 1454 485 1496 Fortuna
507 1454 648 1496 locum
672 1461 816 1496 teneat
839 1454 1126 1496 subeuntibus
1148 1453 1296 1503 athlis,

151 1514 302 1556 ordine
330 1520 510 1556 naturae
539 1514 650 1555 sicut
679 1520 780 1556 sunt
809 1520 962 1555 cuneta
990 1513 1143 1555 locata.

210 1573 400 1615 forsitan
425 1580 467 1615 et
492 1588 672 1628 quaeras
697 1572 808 1627 agili
835 1588 924 1614 rem
951 1573 1076 1614 corde
1100 1573 1350 1622 notandam,

152 1648 236 1688 qua
258 1633 426 1675 ratione
449 1648 579 1688 queas
600 1632 647 1674 in
671 1633 750 1674 tali
774 1639 966 1687 tempore
987 1632 1080 1674 nati

153 1692 395 1747 exprimere
416 1692 627 1734 immenso
648 1699 896 1746 surgentem
919 1692 1181 1747 horoscopon
1203 1691 1314 1733 orbe.

152 1751 266 1806 quod
286 1751 373 1792 nisi
395 1751 548 1793 subtili
568 1751 709 1793 visum
730 1751 897 1793 ratione
918 1758 1103 1801 tenetur,

1606 1307 1621 1445 δῶν.

210 1875 263 1902 181
289 1867 410 1903 Germ.
433 1869 565 1902 Arat.I
587 1873 668 1903 159:
700 1868 905 1903 ‘demersus
932 1867 970 1902 in
997 1868 1131 1902 undas’
1230 1873 1284 1901 187
1313 1866 1358 1901 cf.
1385 1867 1498 1901 Firm.

150 1915 201 1950 IV
223 1919 278 1958 17,
293 1919 313 1949 3
410 1922 467 1949 194
494 1915 539 1950 cf.
567 1915 677 1950 Firm.
699 1915 750 1949 IV
772 1919 826 1957 17,
848 1920 869 1950 4

211 2028 269 2056 180
295 2023 347 2056 sic
367 2025 402 2055 Μ
507 2028 563 2055 189
600 2024 640 2056 at
658 2026 715 2055 LG
747 2033 789 2056 ac
809 2025 844 2055 M
918 2021 1016 2056 senis
1037 2022 1124 2066 Req.
1162 2031 1268 2055 sevus
1288 2023 1323 2053 Η
1359 2020 1453 2054 sevis
1472 2023 1498 2053 Ι,

152 2069 271 2104 saevis
292 2073 320 2103 G
433 2075 489 2102 185
515 2069 611 2103 natis
632 2069 711 2102 ΜῙ,ι
825 2075 882 2103 188
907 2069 1002 2104 deest
1025 2069 1066 2102 in
1083 2071 1141 2102 LG
1255 2074 1311 2101 189
1337 2067 1496 2102 totidem

151 2117 266 2152 ortivo
286 2119 321 2150 M
404 2123 462 2150 190
487 2118 668 2150 memorat
689 2120 716 2150 G
800 2123 854 2150 191
880 2116 1006 2160 agit-ur
1025 2115 1069 2149 Ι.ι
1159 2122 1215 2149 194
1243 2114 1403 2149 obducto
1423 2118 1448 2148 1.

151 2164 277 2209 nigros
296 2163 340 2197 1.¹
436 2170 491 2197 195
517 2166 684 2198 materna
705 2164 799 2198 Bon.
827 2166 996 2198 materno
1018 2165 1042 2196 0
1140 2169 1196 2196 199
1223 2163 1388 2206 quotque
1408 2162 1495 2207 Rey.
1626 2199 1627 2204 Ἰ

151 2222 298 2255 quoque
319 2214 343 2245 0
428 2217 488 2244 2⁰0
513 2210 660 2255 fulgens
680 2214 714 2243 M
740 2222 806 2245 om.
825 2215 882 2244 ΜΞ
973 2217 1031 2244 902
1056 2211 1193 2244 natura.
1212 2213 1247 2243 Η
1289 2213 1375 2255 post
1393 2209 1426 2243 h.
1446 2220 1495 2244 v.:
1626 2206 1627 2247 1

151 2258 336 2302 quomodo
361 2258 480 2302 hopus
506 2260 562 2302 (=
577 2259 803 2301 horoscopus)
830 2257 1040 2293 inveniatur
1058 2261 1093 2290 M
1118 2256 1302 2301 quomodo
1329 2267 1422 2301 opus
1441 2255 1496 2290 in-

150 2306 320 2341 veniatur
340 2309 367 2339 G
390 2307 444 2348 (in
468 2317 513 2340 m.
533 2307 574 2349 1.)
671 2311 729 2338 204
753 2305 793 2339 in
819 2304 888 2339 tali
907 2305 975 2340 Br.
1001 2304 1139 2339 natalis
1161 2307 1185 2338 0
1218 2314 1240 2338 a
1264 2303 1334 2338 tali
1354 2303 1447 2339 scal.

152 2360 210 2387 206
237 2352 368 2387 subtili
388 2352 483 2388 Scal.
510 2352 577 2387 sub
604 2351 722 2387 stellis
745 2355 768 2385 0
