1627 2517
485 511 678 557 LIBER
716 511 999 565 QUINTUS,

61 615 149 657 Hic
176 615 290 657 alius
316 614 496 658 finisset
523 615 607 657 iter
635 614 859 670 signisque
890 615 1060 672 relatisvv

60 674 159 730 quis
181 675 359 716 adversa
383 681 530 717 meant
554 675 779 717 stellarum
803 674 985 716 numina
1012 674 1208 730 quinque.

60 734 339 789 quadriiugis
361 740 403 776 et
426 734 626 776 Phoebus
648 733 772 789 equis
795 740 836 776 et
862 734 992 775 Delia
1014 733 1151 789 bigis‚'

58 808 144 835 non
164 794 280 835 ultra
302 793 532 836 struxisset
555 809 660 849 opus
682 794 883 849 caeloque
908 793 1069 835 rediret

59 868 106 894 ac
131 868 207 908 per
232 853 483 895 descensum
510 854 676 895 medios
701 859 967 908 percurreret
995 853 1125 909 ignes¹
1445 872 1464 908 5¹>

56 911 235 954 Saturni
271 912 387 954 Iovis
420 918 461 954 et
492 913 654 954 Martis
681 912 868 968 solisque
901 912 979 954 sub
1016 913 1125 968 illis,-

55 977 150 1026 post
176 971 383 1013 Venerem
407 977 449 1013 et
472 972 597 1013 Maia
616 978 768 1013 natum
794 978 848 1021 te,
877 972 993 1021 luna,
1021 978 1264 1026 vagantem.

58 1046 125 1072 me
143 1045 372 1086 properare
392 1031 509 1072 viam
530 1032 717 1072 mundus
736 1031 857 1073 iubet
879 1031 1026 1072 omnia
1045 1031 1207 1073 circum

57 1089 200 1132 sidera
228 1096 445 1132 vectatum
477 1091 574 1143 (et)
605 1096 696 1132 toto
726 1091 948 1132 decurrere
980 1090 1109 1140 caelo,

57 1164 154 1191 cum
179 1149 310 1191 semel
336 1150 550 1191 aetherios
576 1149 718 1191 iussus
744 1150 1023 1191 conscendere
1049 1165 1200 1191 currus
1426 1168 1464 1203 ια,

53 1223 270 1250 summum
302 1209 562 1263 contigerim
591 1224 668 1250 sua
699 1224 773 1264 per
798 1208 983 1263 fastigia
1013 1209 1196 1255 culmen.

57 1267 158 1309 hinc
180 1274 303 1309 vocat
327 1267 478 1318 Orion,
503 1267 654 1322 magni
678 1283 777 1323 pars
803 1268 996 1309 maxima
1019 1269 1140 1318 caeli,

57 1333 98 1368 et
116 1326 226 1369 ratis
247 1327 438 1377 heroum,
461 1343 570 1383 quae
590 1342 704 1369 nunc
728 1343 896 1383 quoque
916 1327 1098 1381 navigat
1118 1327 1262 1378 astris,

54 1386 333 1442 fluminaque
361 1387 546 1429 errantis
576 1387 662 1428 late
692 1387 917 1428 sinuantia
945 1387 1104 1437 flexus,

53 1451 94 1486 et
125 1444 240 1487 bifer
269 1452 311 1487 et
340 1452 482 1488 cetum
508 1447 699 1501 squamis
731 1452 860 1501 atque
895 1461 964 1487 ore
996 1446 1231 1496 tremendo,
1424 1464 1461 1500 ιε,

56 1504 437 1560 Hesperidumque
463 1505 576 1559 vigil
603 1511 745 1547 custos
773 1512 815 1547 et
841 1505 994 1547 divitis
1024 1505 1134 1555 auri,

55 1570 97 1605 et
116 1563 236 1606 canis
257 1563 304 1605 in
327 1570 468 1606 totum
489 1571 668 1619 portans
689 1563 893 1606 'incendia
915 1565 1140 1614 mundum,

55 1623 247 1678 Araque,
267 1623 467 1665 divorum
487 1623 557 1666 cui
577 1630 725 1666 votum
745 1624 874 1665 solvit
897 1623 1135 1678 Olympus3

55 1682 180 1724 illinc
204 1698 280 1738 per
306 1683 503 1737 geminas
528 1682 706 1737 Anguis
732 1683 807 1738 qui
834 1683 1000 1725 labitur
1023 1684 1195 1733 Arctos,

54 1741 393 1797 Heniochusque
415 1757 578 1784 memor
600 1758 763 1793 currus,
788 1742 1061 1797 plaustrique
1085 1743 1254 1793 Bootes,
1422 1761 1461 1797 eq

54 1807 182 1857 atque
207 1801 458 1844 Ariadneae
483 1802 684 1844 caelestia
706 1802 819 1844 dona
844 1817 1035 1852 coronae,

113 1901 149 1928 10
184 1894 319 1929 Lucan.
340 1895 356 1928 I
376 1898 438 1928 48:
476 1894 740 1939 ‘flammigeros
767 1894 909 1929 Phoebi
937 1895 1184 1930 conscendere
1211 1896 1352 1937 currus'

54 1948 90 1974 12
115 1941 227 1976 Anth.
248 1942 326 1976 Lat.
347 1942 363 1975 Ι
378 1946 409 1984 2,
432 1946 510 1985 723,
527 1947 563 1976 1:
594 1942 734 1987 ‘magni
760 1953 846 1986 pars
872 1943 1038 1977 maxima
1065 1942 1172 1977 caeli'

110 2031 127 2058 1
162 2025 289 2059 relatis
310 2029 370 2059 ML
406 2025 548 2060 relictis
569 2030 596 2060 G
739 2034 756 2059 4
783 2025 980 2061 struxisset
999 2029 1064 2060 MG
1099 2026 1311 2061 strinxisset
1329 2029 1354 2059 L

51 2079 69 2106 ὅ
94 2074 325 2116 percurreret
345 2076 380 2106 M
406 2073 616 2108 decurreret
628 2077 686 2107 LG
751 2080 823 2106 6—7
852 2074 1043 2109 damnavit
1056 2075 1179 2108 Bentl.
1253 2080 1272 2107 8
1297 2084 1402 2107 mun-

53 2119 92 2153 di
112 2119 207 2154 Scal.
268 2119 372 2154 iubet
391 2121 478 2166 Rey.
505 2120 596 2155 libet
616 2125 640 2155 0
704 2120 802 2155 eirca
822 2124 857 2154 M
953 2128 971 2154 9
997 2122 1185 2155 vectatum
1206 2121 1294 2165 Rey.
1321 2130 1403 2154 vec-

52 2168 180 2201 tantur
200 2171 223 2201 0
249 2168 460 2202 vectantem
481 2170 546 2203 Br.
613 2168 702 2214 <et>
728 2169 849 2203 Bentl.
965 2175 1001 2202 10
1028 2167 1273 2202 conscendere
1293 2166 1403 2201 MLG²

53 2214 274 2249 descendere
295 2216 340 2248 Gr¹
418 2222 451 2249 11
477 2215 638 2260 vestigia
659 2219 686 2249 G
760 2216 828 2260 12s3
853 2215 980 2259 magni
1003 2244 1009 2250 .
1027 2244 1033 2250 .
1051 2244 1057 2249 .
1079 2215 1234 2249 heroum
1260 2226 1326 2250 om.
1347 2218 1402 2248 LG

98 2268 135 2295 18
161 2272 257 2305 quae
277 2265 337 2295 m.
364 2263 429 2306 qui
449 2267 477 2296 G
572 2270 608 2297 15
633 2263 730 2297 bifer
755 2265 792 2297 et
818 2264 1000 2308 Pinyreus
1024 2262 1183 2296 biferum
1205 2266 1229 2297 Ο
1281 2263 1400 2296 cetum

52 2309 148 2344 Bon.
175 2320 302 2343 cecum
321 2313 356 2342 M
381 2321 530 2344 caecum
548 2314 605 2344 LG
654 2321 718 2344 ora
736 2315 761 2344 L
1312 2332 1316 2336 v
