1627 2517
154 389 187 414 80

157 981 189 1005 90

142 1572 191 1596 100

208 89 262 129 38
604 86 790 121 MANILII
816 85 1161 120 ASTRONOMICA
1426 86 1504 121 Lib.
1525 85 1557 119 II

207 212 285 251 par
311 211 477 251 semper
503 195 640 250 partis
666 210 801 250 aequo
826 194 998 249 digesta
1024 201 1212 250 parente,

207 262 257 297 ut
279 270 416 310 neque
440 254 678 297 deficerent
702 255 842 296 undae
865 269 940 295 nec
964 254 1123 296 sideret
1146 253 1275 303 orbis,

207 329 284 356 nec
311 314 478 356 caelum
505 313 620 355 iusto
649 313 840 355 maiusve
869 313 1064 355 minusve
1092 313 1267 355 volaret.

209 380 350 415 motus
377 372 471 423 alit,
500 388 585 414 non
612 379 754 414 mutat
779 388 908 428 opus;
944 372 1005 414 sic
1031 372 1176 414 omnia
1205 378 1297 414 toto

208 432 458 488 dispensata
478 439 653 473 manent
674 432 833 474 mundo
854 431 1164 486 dominumque
1183 438 1433 487 sequuntur.

209 490 279 533 hic
301 491 441 546 igitur
463 492 567 533 deus
591 498 633 533 et
654 491 780 541 ratio,
805 506 913 546 quae
936 497 1088 533 cuncta
1111 491 1338 545 gubernat,

208 550 330 593 ducit
358 550 411 592 ab
441 550 648 592 aetheriis
677 557 846 592 terrena
875 551 1085 592 animalia
1114 550 1265 605 signis.

208 625 318 665 quae
345 625 607 665 quamquam
633 610 763 664 longo
789 609 906 664 cogit
930 616 1144 652 summota
1170 625 1334 651 recessu

175 686 188 710 5
209 668 362 711 sentiri
387 676 546 719 tamen,
572 675 620 711 ut
644 669 756 711 vitas
779 684 826 711 ac
849 670 945 710 fata
968 669 1221 711 ministrent

209 727 413 782 gentibus
443 743 491 770 ac
520 728 717 784 proprios
746 743 822 784 per
850 728 1026 783 singula
1056 743 1231 783 corpora
1261 743 1409 770 mores.

209 802 285 829 neo
309 786 443 829 nimis
468 794 532 829 est
557 788 801 842 quaerenda
824 787 961 830 fides:
993 787 1054 829 sio
1079 794 1291 843 temperat
1316 803 1417 829 arva

209 847 389 897 caelum,
420 846 480 888 sic
508 847 650 889 varias
676 847 829 901 fruges
856 847 1085 902 redditque
1115 847 1328 902 rapitque,

208 906 269 947 sio
295 912 479 961 pontum
506 912 648 948 movet
676 921 723 948 ac
749 905 875 948 terris
903 906 1111 948 immittit
1135 912 1176 948 et
1204 907 1372 956 aufert3
1408 930 1460 934 --

210 970 339 1020 atque
361 965 464 1006 haec
485 964 642 1007 seditio
663 965 845 1020 pelagus
864 980 978 1007 nunc
999 965 1138 1007 sidere
1158 965 1285 1007 lunae

210 1030 327 1066 mota
353 1029 484 1074 tenet,
512 1039 625 1066 nunc
650 1024 817 1066 diverso
843 1025 1070 1066 stimulata
1096 1040 1274 1074 recessu,

210 1098 323 1125 nune
352 1082 456 1125 anni
484 1083 626 1138 spatio
655 1083 881 1126 Phoebum
908 1084 1115 1126 comitata
1143 1084 1382 1134 volantem3
1420 1108 1472 1112 —

211 1141 270 1183 sic
294 1142 514 1184 submersa
535 1143 664 1184 fretis
688 1143 946 1184 conchaium
968 1149 1010 1185 et
1033 1158 1197 1185 carcere
1219 1143 1363 1185 clausa

211 1201 265 1242 ad
290 1201 418 1243 lunae
444 1208 610 1244 motum
636 1201 807 1244 variant
830 1202 1041 1244 animalia
1066 1217 1218 1258 corpus

157 1276 189 1301 «5
211 1266 253 1302 et
277 1266 352 1302 tua
376 1261 548 1310 damna,
575 1267 670 1302 tuas
694 1260 940 1311 imitantur,
968 1261 1111 1311 Delia,
1137 1261 1271 1311 vires;

211 1325 259 1361 tu
280 1334 449 1374 quoque
467 1318 676 1361 fraternis
697 1320 758 1361 sio
776 1320 922 1362 reddis
942 1320 1137 1362 curribus
1158 1336 1230 1362 ora

211 1385 340 1433 atque
367 1378 526 1420 iterum
553 1394 604 1420 ex
633 1379 769 1421 isdem
795 1377 968 1434 repetis,
997 1386 1293 1435 quantumque
1319 1379 1499 1435 reliquit

212 1444 287 1479 aut
316 1437 436 1479 dedit
460 1438 548 1488 ille,
576 1439 712 1480 refers·
734 1444 774 1480 et
802 1438 921 1480 sidus
948 1438 1087 1480 sidere
1114 1445 1293 1481 constas.

211 1496 397 1551 denique
430 1496 490 1539 sio
522 1496 705 1552 pecudes
739 1503 780 1539 et
813 1503 935 1539 muta
969 1497 1179 1540 animalia
1210 1498 1349 1547 terris,

213 1571 310 1597 eum
332 1563 535 1598 maneant
557 1556 711 1610 ignara
733 1556 800 1599 sui
823 1556 1018 1612 legisque
1039 1573 1113 1612 per
1134 1573 1299 1607 aevum,

212 1621 368 1657 natura
395 1621 539 1657 tamen
567 1616 621 1656 ad
649 1616 860 1658 mundum
886 1622 1109 1658 revocante
1136 1622 1358 1671 parentem

211 1673 420 1715 attollunt
448 1674 618 1716 animos·
645 1675 896 1729 caelumque
925 1681 966 1717 et
993 1674 1134 1717 sidera
1163 1681 1335 1717 servant

271 1785 310 1811 9ss
335 1779 501 1813 Lucan.I
522 1782 607 1813 538:
637 1779 799 1813 <Phoebe
825 1781 904 1814 toto
931 1781 1079 1813 fratrem
1108 1791 1190 1814 cum
1218 1781 1387 1814 redderet
1411 1780 1512 1815 orbe’

273 1869 306 1894 77
336 1874 403 1905 par
422 1866 447 1894 F
473 1874 558 1907 pars
580 1843 628 1895 O>
715 1870 751 1897 78
777 1864 914 1898 sideret
935 1865 1053 1898 Bentl.
1082 1864 1203 1898 sidera,
1223 1867 1247 1896 Ο
1315 1863 1414 1898 orbis
1434 1867 1496 1897 ML
1506 1864 1562 1897 ¹G¹

212 1909 320 1943 nobis
338 1908 430 1961 {¹²3²
528 1917 564 1942 79
591 1910 757 1944 minusve
776 1914 801 1944 1.
828 1910 1023 1955 minusque
1044 1914 1107 1944 ΜΘ
1204 1917 1242 1944 83
1269 1910 1444 1945 aetheriis
1466 1911 1560 1945 Bon.

213 1958 375 1990 aeterms
396 1959 420 1989 0
518 1963 556 1990 84
584 1968 769 1991 summara
789 1961 823 1990 M
929 1964 966 1991 85
994 1958 1086 1992 vitas
1109 1962 1136 1991 G
1161 1957 1237 1992 vita
1257 1961 1318 1990 ML
1414 1965 1453 1991 86
1479 1969 1562 2002 pro—

213 2003 315 2047 prius
333 2003 378 2037 L¹
480 2010 516 2037 87
544 2015 612 2038 nec
637 2004 748 2038 nimis
770 2006 889 2040 Bentz.
915 2016 982 2039 nec
1008 2006 1130 2039 minus
1156 2009 1212 2039 LG
1237 2016 1306 2040 nec
1331 2016 1464 2040 munus
1485 2009 1519 2038 M

212 2051 411 2097 temperat]
437 2052 597 2096 temptat
615 2055 651 2084 M
747 2059 785 2085 89
812 2062 854 2086 ac
880 2052 987 2087 terris
1006 2056 1063 2086 LG
1089 2063 1110 2086 a
1129 2054 1228 2087 terra
1246 2055 1281 2085 M
1377 2059 1416 2086 90
1441 2052 1562 2088 sidere

214 2098 307 2133 Seal.
334 2098 456 2133 sidera
477 2102 501 2132 0
598 2106 634 2132 91
661 2101 761 2133 tenet
781 2103 844 2133 V0¹¹
871 2101 1000 2134 tenent
1021 2103 1044 2133 0
1096 2099 1240 2134 diverso
1267 2100 1320 2134 ed.
1342 2101 1446 2136 Rom.
1467 2103 1563 2135 1510

214 2145 332 2180 diviso
353 2148 377 2179 0
427 2146 588 2192 recessu]
608 2157 792 2180 recessum
813 2150 847 2180 M
943 2154 981 2180 92
1007 2147 1175 2191 spacium
1195 2150 1230 2180 M
1277 2146 1509 2182 voluntatem
1530 2151 1565 2181 M

259 2199 298 2226 93
325 2193 377 2227 sic
397 2196 432 2226 M
456 2192 488 2227 si
507 2197 564 2227 LG
683 2200 721 2228 95
748 2196 812 2228 tua
833 2195 952 2229 Bentl.
980 2195 1057 2228 tum
1080 2198 1115 2227 M
1140 2205 1222 2228 cum
1241 2198 1298 2228 LG
1417 2201 1456 2228 96
1483 2205 1563 2229 cru-

212 2239 314 2274 ribus
334 2240 379 2273 L¹
485 2247 522 2274 ⁹7
551 2241 714 2284 repperis
735 2245 769 2274 Μ
829 2241 981 2286 reliquit
999 2245 1025 2274 F
1051 2241 1230 2286 relinquis
1252 2245 1276 2275 0
1386 2248 1424 2275 98
1449 2242 1562 2277 refers

211 2287 307 2368 fcfizl.
333 2287 448 2369 {egirt
468 2291 492 2321 0
543 2290 688 2323 constas
711 2293 737 2322 G
763 2290 937 2323 constans
958 2292 1019 2322 ML
1093 2295 1150 2322 100
1176 2289 1308 2333 ignata
1327 2292 1362 2321 M
1434 2295 1490 2322 102
1517 2300 1558 2323 ac

230 2344 250 2368 o
283 2346 332 2368 un
