1627 2517
67 93 97 116 v.
120 83 305 115 114—154
459 75 648 111 MANILII
674 73 1013 110 ASTRONOMICA
1327 70 1410 112 143

65 203 271 243 suspensa
291 187 344 228 ad
365 185 572 240 strepitus
593 183 845 237 levibusque
865 181 1053 224 obnoxia
1076 180 1228 222 causis.

66 248 134 289 his
163 246 295 288 etiam
326 244 526 299 ingenita
555 250 618 285 est
647 242 815 284 visendi
848 241 1000 296 ignota
1029 239 1201 295 cupido,

65 313 112 348 ut
142 321 252 347 nova
284 320 359 360 per
391 304 552 345 montis
583 308 796 357 quaerunt
831 301 1006 342 arbusta
1039 299 1227 354 capellae

65 380 232 420 semper
259 372 301 406 et
331 363 514 406 ulterius
543 368 763 417 pascentes
791 361 965 402 tendere
996 360 1202 413 gaudent.

126 426 294 466 Taurus
319 424 366 464 in
391 438 559 464 aversos
584 436 786 476 praeceps
811 436 907 462 cum
935 419 1107 461 tollitur
1133 425 1264 467 artus,
1433 437 1484 462 ιω

65 491 186 526 sexta
211 490 333 538 parte
362 483 429 524 sui
456 488 669 523 certantes
695 481 788 522 luce
817 494 979 521 sorores

68 543 271 584 Pleiadas
298 541 432 584 ducit.
471 541 629 596 quibus
659 539 955 594 aspirantibus
983 537 1142 579 almam

66 603 113 644 in
140 603 278 644 lucem
307 602 495 642 eduntur
526 599 685 641 Bacchi
714 598 977 652 Venerisque
1008 612 1206 652 sequaces

65 677 225 717 perque
254 661 385 716 dapes
417 675 669 714 mensasque
701 674 827 713 super
857 657 1102 713 petulantia
1135 656 1262 698 corda

67 727 108 763 et
134 721 220 762 sale
248 719 439 762 mordaci
467 716 606 761 dulcis
632 717 885 773 quaerentia
914 716 1039 758 risus.
1435 733 1484 759 145

67 780 158 821 illis
186 795 287 822 cura
316 779 383 821 sui
412 779 554 820 cultus
581 777 826 832 frontisque
858 777 1033 817 decorae

67 855 234 894 semper
265 839 369 880 erit:
408 844 543 880 tortos
575 837 623 878 in
652 837 842 878 fluctum
876 851 1033 890 ponere
1064 835 1202 876 crines

67 905 142 940 aut
169 897 324 940 vinclis
350 912 545 939 revocare
570 912 712 938 comas
740 903 781 937 et
806 895 964 936 vertice
992 895 1121 936 denso

67 958 240 1012 fingere
270 964 312 999 et
343 957 556 1012 appositis
587 962 717 1010 caput
747 962 940 996 emutare
971 953 1144 1008 capillis

67 1017 399 1073 pumicibusque
420 1016 535 1057 cavis
558 1014 777 1057 horrentia
800 1014 991 1055 membra
1013 1013 1150 1068 polire
1437 1031 1486 1055 150

68 1083 196 1131 atque
223 1076 363 1118 odisse
390 1075 533 1116 virum
561 1074 808 1129 sterilisque
835 1080 984 1127 optare
1014 1073 1206 1113 lacertos.

67 1136 284 1177 femineae
311 1142 446 1176 vestes
474 1149 549 1175 nec
577 1134 623 1175 in
651 1149 775 1175 usum
806 1132 999 1186 tegmina
1029 1130 1205 1186 plantis,

68 1196 140 1236 sed
170 1194 370 1249 speciem,
399 1194 586 1248 fictique
616 1193 786 1247 placent
816 1193 869 1233 ad
901 1191 1050 1233 mollia
1081 1206 1263 1245 gressus.

68 1261 248 1296 naturae
278 1254 426 1308 pudet,
461 1260 591 1307 atque
624 1252 796 1294 habitat
827 1252 905 1293 sub
940 1257 1109 1305 pectore
1140 1265 1261 1291 caeco

126 1377 277 1404 140—156
312 1369 522 1404 Firm.VH[
542 1373 697 1411 7,1—3:
740 1369 793 1402 ‘in
826 1369 936 1402 Tauri
972 1369 1078 1411 parte
1099 1366 1146 1400 VI
1182 1367 1419 1401 inveniuntur

69 1417 217 1452 Pliades
247 1444 374 1452 ......
401 1418 464 1462 qui
498 1417 584 1451 salsi
619 1417 798 1451 sermonis
832 1415 1069 1450 mordacibus
1097 1414 1208 1449 dictis
1233 1415 1328 1447 risus
1354 1413 1418 1447 ho-

67 1465 231 1500 minibus
257 1465 442 1500 concitare
469 1465 727 1499 consueverint
748 1491 849 1498 .....
871 1474 1026 1506 quorum
1053 1462 1178 1496 inflexi
1206 1462 1324 1495 crines
1344 1463 1419 1496 tor·

70 1514 227 1557 quantur
246 1513 341 1556 (sicl)
369 1523 513 1555 semper
539 1512 578 1545 in
603 1511 818 1555 bostrychos
847 1538 949 1545 .....
978 1510 1016 1543 hi
1045 1509 1204 1553 demptis
1230 1509 1316 1553 pilis
1338 1536 1345 1543 .
1363 1537 1367 1542 .
1387 1538 1391 1543 .
1410 1536 1416 1542 .

68 1561 107 1594 hi
133 1560 300 1595 molliter
326 1559 560 1594 ambulantes
589 1586 619 1593 ..
636 1587 642 1594 .
658 1587 665 1593 .
694 1559 758 1593 sed
784 1559 850 1593 hos
878 1557 1032 1592 ambitio
1060 1556 1253 1591 sollicitat'
1284 1557 1351 1590 cet.

129 1673 185 1700 136
223 1677 402 1711 suspensa
438 1666 486 1701 ad
521 1667 697 1711 strepitus
731 1666 776 1700 L.
794 1665 923 1700 Muell.
962 1674 1160 1708 suspensas
1187 1663 1346 1707 trepitus
1366 1661 1420 1695 111²

71 1725 267 1758 suspensas
286 1714 455 1757 trepidus
476 1714 586 1747 M¹LG
634 1713 851 1756 levibusque
871 1715 906 1745 M
930 1711 1074 1746 levibus
1093 1714 1150 1745 LG
1222 1717 1276 1743 137
1305 1708 1416 1744 etiam

70 1761 239 1806 ingenita
265 1762 321 1795 est
335 1762 454 1796 Bentl.
484 1761 594 1795 etiam
622 1761 857 1805 ingeniestM
885 1760 996 1794 etiam
1022 1760 1149 1793 tamen
1174 1757 1420 1802 ingeniemL¹

72 1810 182 1843 etiam
208 1809 400 1854 ingenium
419 1808 494 1842 ΠΟ
554 1809 697 1843 visendi
718 1811 778 1841 ML
806 1807 968 1841 viscendi
989 1811 1016 1840 G
1112 1812 1168 1839 138
1193 1816 1259 1849 per
1284 1805 1420 1839 montis

71 1860 255 1899 quaerunt
274 1856 359 1891 Scal
389 1867 454 1900 per
472 1856 667 1899 noctisque
687 1856 746 1888 rut
767 1856 933 1899 (alterum
954 1867 977 1887 u
997 1865 1023 1889 s.
1045 1855 1074 1898 t)
1088 1857 1123 1886 M
1142 1864 1208 1898 per
1227 1853 1420 1895 noctisque

71 1904 184 1937 ruunt
201 1907 258 1937 LG
282 1905 475 1948 pernoctes
501 1904 685 1946 quaerunt
713 1903 882 1938 Cartault
977 1909 1034 1935 140
1068 1912 1215 1936 aversos
1235 1900 1328 1935 Scal.
1357 1900 1418 1933 ad-

71 1961 193 1985 versos
214 1955 238 1985 0
306 1961 483 1996 praeceps
511 1961 593 1984 cum
620 1949 767 1984 tollitur
787 1951 906 1984 Bentl.
933 1960 1108 1993 praeceps
1135 1947 1368 1991 compellitur
1387 1950 1421 1979 M

71 2009 250 2043 praeceps
275 2000 374 2043 (que)
401 1997 587 2032 attollitur
605 2002 662 2031 LG
711 1999 812 2031 artus
833 2008 893 2042 eye)
920 1999 1019 2030 ortus
1041 2000 1064 2030 0
1140 2003 1193 2029 141
1220 1996 1301 2029 luce
1322 2005 1421 2028 soro-

72 2056 130 2079 res
148 2048 184 2078 M
208 2045 300 2080 lucis
327 2046 456 2081 odores
475 2049 532 2079 LG
670 2052 724 2078 142
755 2044 927 2078 Pleiadas
948 2045 1070 2079 Bentl.
1098 2043 1245 2077 Pleidas
1265 2045 1300 2075 M
1327 2041 1420 2075 Plei-

74 2092 162 2127 ades
182 2096 207 2126 L
233 2092 400 2127 Peliades
422 2097 449 2127 G
554 2099 610 2126 143
637 2092 797 2126 eduntur
815 2092 909 2127 Scal.
938 2091 1101 2125 educunt
1121 2095 1144 2124 0
1243 2096 1299 2123 145
1325 2100 1420 2122 mor-

74 2140 157 2175 daci
178 2144 206 2174 G
229 2141 412 2175 mordacis
432 2144 492 2174 ML
566 2147 623 2173 146
647 2140 853 2184 frontisque
881 2140 1035 2173 decorae
1054 2138 1128 2172 L²G
1154 2137 1333 2180 fortisque
1360 2136 1422 2169 dc-

74 2187 183 2222 corde
201 2187 247 2220 12²
271 2187 487 2232 frocitisque
514 2187 672 2222 decorde
692 2190 727 2220 M
811 2192 868 2220 148
893 2187 1022 2220 vinclis
1042 2189 1085 2231 V1
1116 2185 1225 2218 undis
1247 2188 1270 2218 0
1321 2193 1421 2217 revo-

74 2244 157 2269 care
175 2234 251 2268 L²G
274 2245 470 2279 pervocare
490 2235 571 2268 MLl
666 2241 723 2268 150
748 2234 960 2278 pumicibus
980 2233 1059 2267 ML²
1085 2232 1282 2277 punicibus
1301 2230 1376 2264 L¹G

71 2288 127 2315 152
160 2293 228 2317 nec
253 2282 291 2316 in
318 2293 425 2316 usum
446 2283 566 2317 Bentl.
601 2292 670 2316 nec
695 2283 822 2315 insunt
843 2285 866 2315 0
1025 2287 1082 2314 153
1118 2280 1279 2323 speciem
1301 2279 1421 2313 Bentz.

74 2329 196 2373 specie
216 2333 240 2363 0
290 2329 441 2373 fictique
459 2329 534 2363 L²G
557 2329 740 2372 fictaeque
759 2329 841 2362 LlM
936 2335 993 2361 154
1019 2338 1130 2362 caeca
1150 2328 1270 2361 Bentl.
