1627 2517
135 201 170 226 45

136 497 169 522 50

135 792 169 818 55

136 1087 170 1112 60

135 1383 169 1408 65

193 75 276 116 102
587 73 777 109 MANILII
801 72 1147 108 ASTRONOMICA
1387 72 1466 107 Lib.
1487 72 1538 107 IV

193 190 234 225 et
257 183 484 225 Cimbrum
509 182 554 223 in
577 182 723 224 Mario
746 181 1026 237 Mariumque
1049 182 1094 223 in
1118 196 1281 223 carcere
1301 181 1476 224 victum.

193 242 308 297 quod
331 242 479 283 consul
502 241 663 283 totiens
687 241 801 290 exul,
828 241 942 296 quod
967 241 1017 282 de
1042 240 1165 282 exule
1187 240 1335 282 consul

192 301 387 343 adiacuit
420 300 599 355 Libycis
631 315 805 355 compar
837 301 1003 342 iactura
1038 299 1178 342 ruinis

192 375 299 415 eque
331 359 630 415 crepidinibus
663 359 778 415 cepit
811 359 1095 413 Carthaginis
1130 359 1294 408 urbem,

192 420 270 462 hoc
301 419 389 461 nisi
420 420 516 461 fata
549 419 716 469 darent,
754 434 960 474 umquam
994 419 1173 461 fortuna
1207 418 1416 460 tulisset?

193 479 291 534 quis
323 486 364 521 te
396 478 572 520 Niliaco
604 477 849 533 periturum
883 478 1023 527 litore,
1057 478 1237 532 Magne,

191 545 287 593 post
314 538 452 580 victas
478 537 761 579 Mithridatis
789 552 888 592 opes
917 537 1184 592 pelagusque
1212 543 1447 592 receptum,

191 604 233 639 et
261 597 342 639 tris
369 612 540 639 emenso
569 597 747 638 meritos
776 612 827 638 ex
855 597 956 639 orbe
984 597 1244 652 triumphos,

190 671 288 699 cum
320 657 409 698 iam
441 656 574 698 etiam
607 671 751 711 posses
783 656 922 697 alium
955 671 1208 711 componere
1239 656 1472 710 Magnum,

191 716 394 766 crederet,
427 722 475 757 ut
504 730 658 770 corpus
689 715 891 770 sepeliret
921 716 1165 769 naufragus
1195 715 1328 769 ignis,

192 774 437 830 eiectaeque
467 790 622 829 rogum
651 775 847 816 facerent
875 774 1127 829 fragmenta
1157 774 1363 816 carinae?

191 834 289 889 quis
308 841 481 876 tantum
500 840 669 876 mutare
687 840 831 889 potest
851 833 943 875 sine
962 833 1142 875 numine
1158 833 1246 875 fati
1264 833 1282 873 Ρ

192 894 268 934 ille
296 893 429 935 etiam
457 894 573 935 caelo
602 893 777 947 genitus
806 893 1007 948 caeloque
1035 900 1245 948 receptus,

191 968 288 994 cum
314 953 420 994 bene
444 953 699 1008 compositis
724 952 861 994 victor
886 952 1091 994 civilibus
1118 952 1249 995 armis

192 1012 290 1054 iura
314 1019 440 1066 togae
464 1018 646 1066 regeret,
673 1011 833 1054 totiens
858 1011 1081 1066 praedicta
1107 1026 1252 1053 cavere

191 1071 370 1113 vulnera
400 1086 486 1112 non
516 1071 665 1126 potuit
695 1078 787 1113 toto
819 1077 1040 1126 spectante
1071 1077 1238 1121 senatu,

190 1130 406 1172 indicium
440 1131 590 1172 dextra
627 1130 831 1180 retinens,
867 1145 1109 1185 nomenque
1144 1145 1292 1172 cruore

190 1190 351 1231 delevit
379 1189 569 1245 proprio,
598 1196 771 1245 possent
800 1196 848 1231 ut
877 1189 1047 1231 vincere
1072 1190 1182 1231 fata.

191 1249 299 1303 quid
328 1264 551 1290 numerem
581 1264 747 1291 eversas
779 1249 904 1291 urbes
934 1263 1172 1304 regumque
1202 1248 1386 1290 ruinas?

192 1309 322 1362 inque
354 1323 458 1362 rogo
491 1308 711 1358 Croesum,
745 1308 1056 1363 Priamumque
1086 1308 1132 1349 in
1164 1308 1289 1350 litore
1321 1314 1535 1358 truncum,

191 1367 261 1409 cui
289 1382 366 1408 nec
394 1367 525 1409 Troia
553 1367 719 1421 rogus?
757 1367 863 1422 quid
891 1366 1087 1408 Xerxem
1114 1366 1256 1408 maius
1285 1372 1326 1408 et
1354 1367 1448 1421 ipso

190 1426 478 1481 naufragium
503 1426 694 1481 pelago?
727 1426 834 1481 quid
858 1433 983 1481 capto
1009 1426 1222 1480 sanguine
1248 1440 1392 1480 regem

192 1486 403 1527 Romanis
436 1486 663 1541 positum?
702 1492 935 1541 raptosque
967 1500 1018 1527 ex
1051 1485 1230 1540 ignibus
1262 1485 1386 1539 ignes

190 1545 497 1600 cedentemque
524 1545 616 1586 viro
642 1545 886 1594 flammam,
915 1544 991 1600 qui
1020 1544 1182 1599 templa
1209 1544 1414 1586 ferebat?

247 1669 283 1695 47
310 1661 447 1696 Lucan.
464 1661 495 1695 II
511 1665 666 1696 91—92:
697 1661 851 1696 ‘solacia
871 1661 940 1695 fati
956 1661 1140 1706 Carthago
1156 1661 1369 1704 Mariusque
1383 1659 1486 1694 tulit’

188 1717 225 1743 55
251 1709 387 1743 Lucan.
404 1709 488 1743 VIII
509 1712 592 1743 755:
623 1708 796 1743 ‘collecta
821 1708 949 1753 procul
975 1708 1119 1743 lacerae
1139 1707 1350 1752 fragmenta
1370 1707 1534 1742 carinae‘

236 1763 274 1790 59
299 1757 437 1790 Lucan.
458 1755 507 1789 IX
528 1760 731 1790 238—239:
762 1756 844 1790 ‘sub
872 1756 953 1790 iura
980 1756 1100 1801 togati
1127 1755 1217 1790 civis
1244 1756 1302 1790 eo’

246 1857 285 1884 45
321 1850 508 1885 Cimbrum
529 1851 610 1884 m}
645 1851 813 1885 Cimbum
832 1852 875 1885 L¹
912 1851 1110 1894 Cymbrum
1131 1854 1158 1884 G
1193 1849 1346 1885 Cinnam
1369 1850 1487 1884 Bentl.

187 1899 349 1942 carcere]
376 1897 530 1933 Caesare
551 1899 671 1933 Bentl.
770 1906 808 1932 4ss
835 1899 933 1943 quod
961 1899 1006 1933 de
1033 1898 1138 1933 exule
1159 1897 1280 1932 Bentl.
1307 1897 1406 1941 quod
1426 1896 1534 1931 exule

187 1945 267 1979 md
292 1945 465 1989 quodque
493 1945 599 1979 exule
620 1950 647 1979 G
673 1948 763 1990 quot
789 1950 827 1980 et
847 1945 953 1980 exule
973 1945 1017 1979 1.‘-’
1112 1952 1148 1979 47
1177 1944 1343 1978 adiacuit
1362 1943 1471 1977 msto
1497 1946 1537 1977 at

186 1992 302 2027 iacuit
319 1991 364 2025 L'
470 2000 509 2026 48
536 2004 629 2037 eque
649 1993 742 2028 Scal.
770 2004 882 2037 seque
903 1997 928 2027 0
995 1992 1124 2027 urbem
1144 1992 1238 2027 Scal.
1266 1991 1393 2026 orbem
1413 1993 1448 2024 Π
1479 2000 1537 2024 ar-

188 2051 247 2074 ces
267 2043 323 2073 LG
426 2047 465 2073 49
491 2051 669 2085 umquam
688 2043 723 2073 M
747 2052 950 2084 numquam
970 2043 1025 2074 Lo
1133 2045 1171 2073 58
1196 2049 1323 2084 posses
1342 2038 1387 2072 Ι)
1411 2040 1538 2083 posset

187 2087 298 2121 ΜΗΘ
355 2097 574 2131 componere
592 2091 649 2121 LG
684 2098 864 2132 coponere
884 2091 919 2121 H
953 2097 1173 2132 cognoscere
1194 2091 1216 2120 c
1314 2093 1352 2120 55
1378 2085 1536 2121 eiectae-

186 2145 259 2178 que
279 2135 372 2169 Scal.
408 2134 673 2179 (a)electaeque
694 2138 718 2168 0
834 2141 872 2169 58
906 2134 1087 2169 victorum
1113 2132 1247 2168 vilibus
1268 2134 1319 2167 Μ’
1356 2132 1537 2168 victorum

186 2181 296 2216 vilius
317 2181 369 2215 M*
508 2188 546 2216 59
571 2182 650 2216 iuro
677 2185 788 2226 togae
814 2181 953 2226 regerit
973 2182 1016 2215 1.¹
1050 2181 1172 2215 iurato
1197 2191 1309 2225 gaere
1334 2180 1433 2226 gerit
1452 2183 1487 2214 Μ

185 2236 221 2262 el
248 2228 429 2263 indicium
443 2232 486 2276 V²
515 2228 690 2263 inditium
711 2233 766 2263 LG
790 2229 1020 2263 iudiciumM
1091 2235 1130 2262 68
1157 2228 1313 2263 orbesM
1378 2234 1416 2261 05
1443 2226 1535 2272 quid

187 2275 344 2311 Xerxem
369 2277 489 2311 maius
509 2275 553 2310 10²
586 2275 828 2321 quiderxema
853 2276 910 2311 ius
931 2276 1010 2309 ΜΙ,ι
1045 2275 1134 2320 quid
1160 2276 1279 2311 Xerxe
1305 2274 1423 2310 maius
1445 2279 1472 2309 G

185 2329 224 2356 66
251 2323 341 2367 quid
361 2327 396 2357 Μ
421 2323 520 2368 quod
540 2327 596 2358 LG
691 2329 729 2357 68
755 2334 850 2367 quae
872 2324 991 2359 Bentl.
