1627 2517
196 83 227 116 X
739 82 1010 118 PRAEFATIO

195 195 411 244 horoscopo
437 195 538 244 eius,
570 196 613 232 in
636 195 677 233 II
699 196 782 234 509
816 195 929 244 (quid
955 197 1056 233 enim
1080 196 1289 233 mirabitur
1312 195 1378 233 ille
1402 196 1543 239 maius,

196 256 240 292 in
258 252 426 303 Auyustz·
444 255 539 303 felix
558 266 644 292 cum
662 255 816 303 fulserit
833 258 958 293 ortum
966 255 1003 302 .9)
1023 257 1226 305 pangeret,
1244 254 1325 292 iam
1344 257 1545 293 mortuum

197 314 318 352 fuisse
349 313 534 352 credibile
561 316 630 352 est.
676 313 784 351 Libri
809 315 934 365 igitur
959 314 978 352 I
1005 316 1045 352 et
1069 314 1111 352 II
1143 313 1352 363 compositi
1379 325 1461 352 esse
1486 315 1545 352 vi-

196 372 340 411 dentur
364 373 468 411 inter
493 375 546 410 am
574 374 597 411 9
626 375 665 411 et
691 374 745 410 a¹¹¹
772 374 826 411 14
846 386 883 422 p.
907 372 994 411 Chr.
1027 374 1086 410 Ex
1111 373 1274 423 reliquis
1300 372 1412 411 libris
1438 373 1544 411 solus

198 434 364 481 quartus
382 433 572 482 temporis
591 432 738 470 indicia
758 433 933 471 continet
952 427 1033 484 (vv.
1058 433 1154 480 766,
1176 433 1271 482 776,
1294 428 1411 484 935),
1443 444 1546 481 quae

197 491 332 529 omnia
356 491 407 529 ad
432 494 605 530 aetatem
630 494 821 541 spectant,
854 504 932 541 qua
958 492 1138 530 Tiberius
1156 487 1189 544 1)
1215 493 1294 530 iam
1321 505 1451 529 rerum
1477 504 1546 540 po-

197 551 296 589 titus
316 553 411 599 erat,
432 550 639 602 Augustus
659 548 776 589 modo
799 553 964 589 mortem
984 551 1136 589 obierat
1161 547 1285 603 (anno
1303 552 1357 589 14
1372 564 1408 600 p.
1424 546 1545 603 Chr),

198 610 246 647 cf.
273 609 330 646 IV
352 611 604 649 934—935:

346 693 428 730 iam
451 694 551 740 facis
575 694 658 741 ipse
683 694 770 731 deos
795 695 988 742 mittisque
1013 693 1065 731 ad
1089 693 1221 731 sidera
1245 705 1399 738 numen,

347 753 475 790 maius
502 755 536 790 et
559 753 735 801 Auyusto
761 756 897 791 crescet
921 753 992 790 sub
1011 754 1192 801 principe
1217 753 1377 797 caelum,

199 859 304 895 nam,
330 849 376 884 ut
393 848 499 885 recte
519 847 801 885 animadvertit
821 847 1035 886 Garrodius
1045 843 1090 900 2),
1118 848 1305 885 Mam'lius
1325 847 1408 885 sine
1429 846 1546 885 dubio

201 906 379 944 animum
406 906 556 944 Tiberii
581 907 818 954 offendisset,
850 907 883 944 si
910 908 1092 958 Augusto
1119 907 1199 944 iam
1225 907 1292 944 diu
1317 908 1360 944 in
1385 906 1548 944 deorum

200 978 407 1003 numerum
437 968 594 1015 recepto
626 966 767 1004 ultima
793 966 913 1004 verba
938 966 1114 1014 Auyusto
1139 967 1210 1004 sub
1233 967 1410 1014 principe
1434 977 1549 1004 usur-

200 1026 345 1074 passet.
377 1024 514 1074 Neque
541 1025 669 1063 minus
695 1026 963 1074 periculosum
987 1027 1129 1074 poetae
1155 1025 1297 1063 fuisset
1316 1024 1464 1063 Tiberii
1490 1036 1549 1063 se-

201 1095 331 1121 cessus
357 1083 500 1122 Rhodii
531 1085 771 1123 mentionem
796 1085 924 1122 facere
951 1079 1027 1137 (IV
1049 1079 1153 1137 764)
1187 1086 1305 1134 atque
1331 1084 1389 1121 ita
1414 1086 1549 1122 vetera

201 1143 368 1181 vulnera
398 1145 632 1191 retractare,
664 1144 741 1182 nisi
771 1146 928 1193 tempus
953 1156 998 1182 ea
1022 1143 1104 1181 iam
1130 1143 1231 1182 callo
1257 1143 1485 1181 obduxisset
1510 1145 1550 1181 et

202 1201 449 1250 principatus
488 1202 652 1240 dulcedo
691 1203 995 1241 amaritudinem
1033 1203 1163 1241 exsilii
1202 1203 1404 1240 consolata
1437 1204 1548 1240 esset.

202 1259 313 1305 Quae
333 1260 367 1298 si
385 1264 489 1298 recte
511 1261 715 1311 disputata
735 1264 838 1308 sunt,
858 1262 1003 1299 librum
1017 1264 1204 1311 quartum
1219 1274 1320 1300 anno
1339 1263 1390 1299 15
1406 1275 1442 1311 p.
1460 1261 1547 1300 Chr.

201 1319 358 1357 finitum
384 1332 466 1357 esse
492 1320 604 1358 nobis
631 1322 804 1358 statuere
824 1321 928 1359 licet.
960 1321 1099 1359 Restat
1118 1320 1218 1358 liber
1238 1320 1413 1370 quintus,
1440 1320 1551 1359 cuius

201 1378 406 1417 exordium
436 1379 516 1416 tale
549 1382 618 1427 est,
656 1382 702 1417 ut
731 1381 850 1428 poeta
882 1382 972 1417 ortu
1003 1382 1042 1417 et
1074 1392 1213 1418 occasu
1246 1379 1418 1417 siderum
1455 1378 1550 1427 (τῶν

201 1433 589 1490 παρανατελλόντων)
626 1441 869 1488 pertractato
908 1451 1100 1476 summam
1137 1451 1298 1476 manum
1336 1439 1446 1488 operi
1479 1451 1548 1477 suo

201 1497 460 1546 impositurus
485 1497 677 1536 videatur.
711 1498 765 1535 At
789 1498 830 1535 id
855 1498 960 1546 quod
986 1511 1064 1536 non
1090 1498 1209 1536 semel
1234 1499 1273 1535 in
1301 1497 1411 1535 libris
1436 1510 1547 1547 supe-

202 1555 372 1594 rioribus
404 1556 606 1606 pollicitus
638 1559 740 1604 erat,
775 1569 816 1595 se
846 1556 893 1594 de
926 1556 965 1595 vi
997 1570 1043 1595 ac
1073 1559 1271 1607 potestate
1298 1557 1549 1606 planetarum

203 1617 388 1653 acturum
419 1628 502 1653 esse
518 1610 564 1668 3),
596 1628 674 1654 non
705 1615 917 1665 praestitit,
950 1616 1033 1655 sive
1066 1617 1161 1665 quia
1187 1618 1270 1654 arte
1296 1617 1550 1654 mathemati-

202 1686 337 1712 corum
364 1677 522 1713 senatus
547 1675 725 1713 consulto
751 1675 939 1713 damnata
951 1670 987 1725 4)
1013 1675 1226 1722 metuebat,
1252 1687 1300 1713 ne
1327 1688 1443 1725 opere
1463 1689 1549 1724 per-

204 1733 306 1771 fecto
345 1734 593 1772 consulentes
631 1734 676 1771 de
709 1735 893 1784 genitura
924 1747 1012 1772 cum
1044 1747 1114 1773 suo
1147 1734 1323 1783 periculo
1359 1734 1548 1782 edoceret,

203 1793 401 1842 quomodo
432 1805 548 1830 verus
579 1793 817 1842 horoscopus
849 1793 1108 1832 inveniendus
1140 1788 1304 1844 esset⁵)‚
1339 1794 1419 1831 sive
1446 1793 1550 1842 quod

204 1907 329 1940 mento
354 1905 393 1940 in
420 1905 641 1950 Capricorno
667 1906 781 1941 fuisse
806 1907 959 1948 Lunam,
985 1917 1080 1950 quae
1107 1907 1309 1941 secundum
1336 1906 1448 1940 aliam
1476 1918 1551 1941 ma-

205 1953 490 1988 thematicorum
525 1954 703 1988 rationem
740 1955 865 1997 „ortus
901 1954 1134 1989 nascentium
1169 1953 1377 1988 moderarr‘
1414 1954 1552 1988 dicitur

204 1999 293 2045 (Cic.
315 2000 361 2035 de
381 2000 451 2034 div.
473 2001 594 2045 1191).
646 2000 748 2042 Quae
774 2001 869 2036 ratio
896 2012 941 2036 ne
970 2001 1121 2036 Manilio
1148 2001 1299 2044 quidem
1325 2001 1455 2045 ignota
1481 2004 1550 2043 est,

205 2049 249 2082 ut
273 2047 306 2082 II
325 2051 393 2082 726
418 2059 485 2082 nos
511 2049 635 2090 docet;
662 2048 707 2083 cf.
734 2048 897 2090 Nicklin,
925 2048 977 2083 Cl.
998 2049 1039 2083 R.
1067 2050 1186 2092 (1914)
1213 2052 1269 2088 28,
1296 2060 1330 2092 p.
1352 2052 1548 2083 271—274.

267 2096 300 2139 1)
333 2095 385 2129 De
411 2094 560 2130 Tiberio
587 2095 655 2129 sub
682 2095 793 2130 Libra
818 2098 906 2130 nato
933 2095 979 2130 cf.
1006 2095 1136 2131 Bickel
1162 2095 1315 2130 RhMPn
1338 2099 1381 2129 65
1407 2107 1442 2140 p.
1464 2099 1549 2137 2333

204 2142 302 2177 Man.
323 2142 371 2177 IV
398 2146 464 2177 547
477 2154 556 2187 sqq.
772 2145 806 2187 2)
832 2155 867 2187 p.
891 2143 1013 2177 LXIV.

266 2191 301 2233 3)
327 2189 439 2225 Velut
463 2190 496 2224 11
518 2193 602 2225 750:
636 2201 757 2226 verum
781 2191 867 2225 haec
886 2192 1069 2235 posteritas
1091 2191 1242 2235 proprio
1267 2194 1401 2225 cuncta
1427 2190 1552 2224 ordine

206 2237 372 2279 reddan2;
399 2240 486 2280 9653
511 2237 561 2272 111
590 2241 670 2281 156,
695 2241 781 2280 585;
808 2238 840 2272 V
860 2241 892 2272 4.

267 2286 301 2325 4)
327 2284 412 2319 Tac.
441 2296 524 2319 ann.
544 2284 577 2319 II
598 2288 652 2328 32,
679 2284 778 2319 Suet.
805 2284 885 2319 Tib.
908 2288 963 2321 36.

267 2334 300 2376 5)
328 2331 470 2366 Garrod
495 2332 583 2367 Intr.
611 2344 645 2377 p.
666 2331 808 2367 LXXII.
