1627 2517
214 59 231 99 1
245 59 297 100 12
608 57 797 92 MANILII
823 57 1168 92 ASTRONOMICA
1409 56 1488 91 Lib.
1508 55 1559 90 IV

213 174 256 208 et
279 181 427 208 verum
456 167 502 208 in
529 182 650 208 caeco
676 173 739 208 est
767 167 991 221 multaque
1017 165 1249 219 ambagine
1276 180 1433 206 rerum.

137 243 191 268 305
213 241 289 268 nec
313 226 454 268 brevis
477 233 543 268 est
567 241 681 276 usus,
707 241 782 267 nec
809 233 926 267 amat
950 225 1206 280 compendia
1229 225 1410 274 caelum,

213 300 360 327 verum
385 286 486 326 aliis
511 286 598 326 alia
624 285 823 340 opposita
847 291 910 327 est
935 292 978 326 et
1001 285 1122 326 fallit
1147 285 1294 338 imago

213 345 509 399 mentiturque
537 359 635 386 suas
663 345 775 386 vires
804 351 845 386 et
872 344 1049 386 nomina
1079 344 1202 385 celat.

211 419 323 458 quae
345 404 427 445 tibi
451 419 536 445 non
560 404 709 454 oculis,
733 404 822 445 alta
847 404 919 445 sed
942 410 1084 445 mente
1107 403 1305 457 fuganda
1329 409 1391 445 est

212 463 369 517 caligo,
391 463 650 518 penitusque
670 464 775 505 deus
796 478 881 505 non
900 464 1045 504 fronte
1068 463 1296 504 notandus.

136 539 192 565 310
213 537 326 564 nunc
349 538 458 578 quae
482 523 571 564 sint
593 523 823 564 coniuncta
847 522 1004 577 quibus
1030 537 1164 577 quove
1189 521 1338 563 ordine
1362 521 1553 572 reddam,

213 597 264 623 ne
285 582 451 623 lateant
474 582 586 623 aliae
610 581 721 623 vires
743 582 885 623 aliena
909 597 983 636 per
1006 588 1134 623 astra.

212 656 398 696 namque
422 641 554 682 Aries
578 641 766 696 primam
791 648 959 696 partem
983 640 1067 682 sibi
1094 641 1288 682 vindicat
1312 639 1411 695 ipsi,

213 700 349 742 altera
380 716 468 742 sors
501 701 658 749 Tauro,
691 700 893 741 Geminis
923 715 1022 755 pars
1055 700 1185 741 tertia
1215 699 1343 741 cedit.

213 760 274 801 sic
300 760 346 800 in
374 766 437 801 ter
464 760 596 801 denas
622 759 812 801 divisum
841 759 1015 801 ducitur
1042 766 1205 800 astrum

137 835 190 861 ³1⁶
211 825 359 873 totque
390 818 512 860 dabit
541 819 665 868 vires,
695 819 891 860 dominos
917 821 1206 873 quotcumque
1236 815 1408 873 recepit.

213 878 381 919 diversa
399 878 445 919 in
466 879 608 919 Tauro
627 878 739 919 ratio
757 884 820 919 est
836 893 843 928 ;
870 893 945 919 nee
964 885 1086 932 parte
1102 878 1180 919 sub
1200 877 1288 918 ulla

212 943 420 979 censetur.
464 937 628 978 Cancro
662 937 851 992 primam
884 936 1159 991 mediamque
1192 936 1342 985 Leoni,

213 1002 450 1038 extremam
475 996 694 1050 Erigonae
716 996 887 1038 tribuit.
920 1003 1076 1037 natura
1097 1011 1171 1050 per
1194 1001 1358 1037 astrum

213 1062 298 1097 stat
321 1062 467 1097 tamen
490 1062 533 1097 et
556 1055 755 1110 proprias
778 1055 929 1097 miscet
954 1070 1029 1110 per
1051 1055 1226 1108 singula
1250 1054 1374 1096 vires.

137 1133 191 1158 320
214 1115 347 1156 Libra
374 1116 519 1157 decem
549 1122 692 1170 partes
721 1115 1009 1157 Geminorum
1036 1115 1179 1169 prima
1209 1113 1408 1169 capessit,

214 1173 419 1229 Scorpius
442 1174 683 1224 adiunctas,
708 1174 917 1216 Centauri
942 1174 1074 1215 tertia
1095 1189 1194 1228 pars
1219 1179 1294 1214 est.

212 1249 287 1274 nec
315 1234 547 1288 quisquam
576 1249 754 1276 numero
782 1233 1067 1282 discernitur;
1103 1232 1253 1274 ordine
1282 1233 1408 1274 cedit.

213 1292 376 1334 Cancer
400 1293 447 1334 in
472 1294 699 1334 adversum
725 1292 980 1347 Capricorni
1006 1292 1163 1346 dirigit
1189 1298 1352 1333 astrum

214 1352 280 1393 bis
307 1352 462 1407 quinas
490 1352 681 1406 primum
710 1359 852 1406 partes
879 1351 1087 1405 dignatus
1116 1352 1161 1392 in
1190 1352 1266 1392 illo

135 1429 190 1455 325
213 1411 421 1465 temporis
452 1411 650 1461 articulo,
684 1411 761 1452 sub
794 1426 878 1465 quo
907 1417 1104 1452 censetur
1137 1416 1179 1451 et
1210 1411 1315 1465 ipse,

213 1471 325 1524 quod
354 1471 465 1511 facit
494 1471 694 1525 aequales
724 1471 837 1511 luces
866 1469 1137 1511 brumalibus
1169 1469 1346 1518 umbris,

212 1536 527 1584 cognatamque
559 1529 673 1584 gerit
703 1529 872 1571 diverso
904 1529 951 1569 in
982 1529 1156 1570 cardine
1190 1529 1342 1582 legem.

213 1589 393 1630 alterius
419 1589 558 1643 partis
586 1584 814 1643 perfundit
840 1588 1067 1643 Aquarius
1093 1588 1228 1642 ignes,

208 1663 340 1703 'quem
361 1649 546 1690 subeunt
568 1648 715 1689 Pisces
736 1654 927 1689 extremo
947 1647 1085 1689 sidere
1108 1647 1279 1689 Caneri.

134 1724 191 1750 330
213 1714 258 1749 at
290 1708 375 1749 Leo
407 1707 617 1749 consortis
648 1707 852 1749 meminit
883 1707 960 1748 sub
994 1708 1089 1761 lege
1120 1707 1286 1761 trigoni

214 1766 567 1821 Lanigerumque
593 1767 743 1808 ducem
771 1766 927 1822 recipit
956 1767 1233 1821 Taurumque
1259 1766 1469 1821 quadrato

268 1889 328 1915 :304
354 1893 463 1916 caeco
483 1887 518 1916 M
545 1894 656 1918 caeno
678 1887 733 1917 LG
806 1883 926 1917 multa
947 1887 974 1917 G
1088 1890 1146 1916 308
1173 1882 1251 1916 alta
1272 1883 1358 1927 Rey.
1387 1881 1462 1915 alia
1484 1883 1508 1914 0

204 1936 265 1962 ’312
291 1930 463 1964 vendicat
482 1935 507 1963 L
603 1937 660 1964 313
685 1935 764 1974 post
783 1931 815 1965 h.
837 1942 867 1965 v.
889 1935 1092 1975 sequuntur
1112 1931 1184 1965 III
1196 1932 1401 1970 400—682,
1429 1927 1556 1962 deinde

212 1977 277 2011 JV
295 1980 386 2011 1-9
413 1982 487 2012 tum
513 1978 531 2010 I
540 1979 720 2021 V314sqq
757 1980 796 2012 ‘in
816 1982 872 2012 LG
906 1979 1017 2021 (notis
1042 1979 1084 2012 in
1108 1989 1153 2011 m.
1180 1977 1363 2021 yenuinus
1389 1976 1476 2010 ordo
1501 1986 1554 2009 re-

204 2025 372 2067 stitutus)
464 2031 519 2057 314
546 2025 582 2058 in
604 2027 660 2059 ter
680 2026 794 2059 denas
810 2026 903 2060 Scal.
930 2025 1028 2059 inter
1047 2024 1162 2058 denas
1176 2027 1211 2057 M
1237 2023 1332 2057 inter
1352 2023 1486 2057 densas
1499 2026 1556 2055 LG

258 2071 407 2105 ducitur
425 2072 519 2106 θοαὶ.
547 2071 684 2106 dicitur
705 2075 728 2105 0
820 2079 876 2106 31ss
901 2072 980 2106 ulla
1001 2073 1118 2107 Βενιεῑ4
1147 2071 1213 2105 illa
1234 2074 1258 2104 0
1343 2077 1400 2104 318
1427 2069 1555 2114 Erigo-

209 2129 279 2152 nae
301 2119 386 2164 Rey.
422 2118 608 2163 Erigonen
630 2123 663 2152 M
699 2119 897 2163 Erigonem
917 2124 941 2153 L
977 2119 1122 2161 trigone
1144 2123 1170 2152 G
1278 2125 1333 2151 321
1360 2117 1556 2151 adiunctas

210 2167 330 2201 Bentl.
358 2165 536 2200 adiuncta
556 2169 579 2199 0
642 2177 728 2210 pars
754 2169 810 2201 est
829 2167 923 2201 Scaz.
950 2168 1075 2210 partes
1097 2169 1120 2200 0
1148 2169 1177 2209 (s
1204 2167 1245 2200 in
1269 2177 1340 2201 ras.
1362 2166 1400 2209 1.)
1498 2169 1556 2197 822

204 2213 408 2256 quiequam
427 2213 472 2246 Ι,1
520 2213 731 2247 decernitur
751 2218 778 2247 G
827 2214 942 2259 cedit]
969 2225 1019 2248 an
1045 2214 1204 2248 cedunt?
1231 2224 1292 2259 eyo
1388 2218 1446 2245 825
1473 2221 1556 2245 cen-

210 2262 310 2294 setur
329 2264 394 2294 ΜΘ
419 2262 582 2294 cessetur
600 2265 624 2294 L
722 2267 781 2294 32ss
806 2261 946 2295 umbris
967 2262 1055 2306 Rey.
1082 2261 1190 2295 undis
1212 2264 1236 2294 0
1322 2265 1380 2293 328
1406 2258 1556 2303 perfun-

206 2307 354 2341 ditL²G
378 2308 670 2352 perfundetL¹M
707 2308 832 2352 ignem
847 2312 874 2342 G
946 2314 1006 2342 330
1031 2308 1237 2353 sublegitG
1286 2313 1341 2340 331
1366 2305 1555 2350 recepitM
