1627 2517
148 683 181 706 30

147 1271 180 1295 40

147 1566 180 1591 45

147 1862 181 1887 bc

204 83 228 109 ·)
599 78 786 114 MANILII
811 77 1154 114 ASTRONOMICA
1436 77 1515 111 Lib.
1539 75 1551 109 Ι

203 189 407 230 carminis
431 197 469 230 et
497 204 660 233 reru111;
693 194 807 229 certa
831 203 928 229 cum
952 188 1046 241 lege
1070 194 1290 228 canentem

204 249 390 289 mundus
416 256 454 289 et
482 248 689 288 immenso
715 254 855 288 vatem
881 245 1202 300 circumstrepit
1227 245 1327 287 orbe

204 307 360 361 vixque
384 307 523 348 soluta
547 307 636 348 suis
660 306 863 347 immittit
888 305 1014 347 verba
1036 305 1212 359 figuris.

149 387 162 401 υ
203 381 329 421 quem
354 366 543 420 primum
570 365 754 407 interius
779 365 904 406 licuit
929 380 1178 418 cognoscere
1204 364 1328 405 terris

202 440 376 466 munere
397 425 641 466 caelestum.
672 424 770 479 quis
791 424 905 465 enim
928 423 1211 465 condentibus
1231 423 1320 464 illis

202 483 422 538 clepsisset
447 484 567 525 furto
594 484 820 532 mundum,
848 498 932 538 quo
960 489 1111 524 cuncta
1139 482 1381 536 reguntur?

203 543 299 597 quis
320 544 433 585 foret
454 543 641 584 humano
663 549 840 584 conatus
862 549 1030 597 pectore
1052 548 1238 590 tantum,

202 602 355 644 invitis
377 608 424 644 ut
446 602 512 643 dis
534 609 707 656 cuperet
729 602 833 643 deus
855 601 944 656 ipse
968 600 1104 642 videri
1122 601 1139 640 ⁴?

203 669 249 703 tu
271 661 468 716 princeps
490 668 722 715 auctorque
745 661 869 710 sacri,
893 659 1106 714 Cyllenie,
1130 659 1266 709 tanti;

204 736 276 776 per
305 728 345 762 te
370 719 455 762 iam
483 720 647 761 caelum
673 719 869 769 interius,
900 720 987 761 iam
1016 719 1155 760 sidera
1184 725 1284 760 nota

202 779 403 821 sublimis
432 779 596 834 aperire
625 779 716 820 vias
744 778 966 834 imumque
995 778 1073 820 sub
1101 778 1261 828 orbem,

202 846 243 880 et
264 854 337 893 per
358 838 484 880 inane
507 838 596 880 suis
618 837 815 893 parentia
835 837 1006 879 finibus
1027 843 1141 879 astra

202 897 462 952 nominaque
485 904 526 939 et
547 912 695 939 cursus
718 897 957 951 signorum,
982 897 1184 951 pondera,
1208 895 1330 946 vires,

148 980 176 1004 3:
204 957 338 998 maior
362 956 429 998 uti
451 956 585 998 facies
610 956 762 998 mundi
787 956 901 998 foret
924 963 965 997 et
989 955 1229 997 veneranda

200 1032 284 1057 non
320 1015 479 1070 species
511 1023 695 1065 tantum,
730 1015 803 1057 sed
835 1022 875 1056 et
910 1015 1003 1070 ipsa
1038 1014 1232 1070 potentia
1268 1029 1423 1063 rerum,

202 1075 495 1130 sentirentque
522 1075 652 1116 deum
679 1081 827 1129 gentes
855 1090 984 1129 quam
1013 1073 1231 1115 maximus
1259 1079 1378 1114 esset.

206 1134 296 1189 [qui
321 1150 398 1176 sua
421 1134 638 1189 disposuit
662 1149 736 1189 per
762 1140 970 1188 tempora,
996 1133 1171 1187 cognita
1197 1139 1244 1174 ut
1270 1138 1408 1174 essent

202 1193 402 1235 omnibus
429 1200 470 1234 et
494 1193 649 1234 mundi
675 1192 810 1234 facies
837 1192 1089 1246 caelumque
1116 1192 1378 1246 supernum.]

202 1259 241 1294 et
264 1259 418 1294 natura
440 1252 561 1294 dedit
582 1252 694 1293 vires
716 1267 844 1306 seque
865 1251 959 1306 ipsa
981 1250 1171 1300 reclusit,

201 1311 360 1365 regalis
388 1311 555 1352 animos
583 1310 773 1365 primum
802 1310 984 1364 dignata
1013 1325 1178 1351 movere

202 1370 399 1425 proxima
426 1369 647 1424 tangentis
674 1384 815 1411 rerum
841 1368 1026 1423 fastigia
1051 1368 1181 1418 caelo,

203 1429 278 1484 qui
303 1430 504 1471 domuere
524 1429 639 1470 feras
664 1434 811 1482 gentes
834 1427 997 1470 oriente
1020 1428 1098 1469 sub
1120 1428 1227 1482 ipso,

203 1504 308 1543 quas
333 1496 445 1530 secat
473 1488 731 1543 Euphrates,
759 1488 805 1528 in
831 1503 935 1543 quas
960 1494 1001 1529 et
1026 1487 1156 1528 Nilus
1182 1487 1380 1535 inundat,

203 1563 287 1602 qua
309 1548 495 1589 mundus
516 1547 629 1589 redit
651 1554 693 1588 et
715 1546 862 1601 nigras
885 1562 1011 1601 super
1032 1546 1171 1588 evolat
1194 1546 1329 1588 urbes.

204 1615 304 1648 tunc
327 1607 402 1661 qui
423 1606 585 1662 templa
607 1606 737 1648 sacris
757 1606 981 1648 coluerunt
1002 1620 1125 1647 omne
1145 1620 1220 1660 per
1239 1620 1389 1647 aevum

203 1666 443 1720 delectique
474 1666 712 1707 sacerdotes
740 1664 786 1706 in
816 1665 989 1720 publiea
1019 1671 1117 1706 vota

203 1725 361 1766 officio
395 1724 568 1766 vinxere
599 1725 742 1774 deum,
775 1723 932 1779 quibus
964 1724 1058 1789 ipsa
1091 1722 1280 1778 potentis

202 1783 395 1825 numinis
426 1784 620 1825 accendit
648 1790 810 1825 castam
839 1799 903 1838 pr
893 1782 1081 1824 lesentia
1112 1788 1312 1831 mentem,

202 1843 333 1897 inque
361 1843 489 1883 deum
515 1843 617 1884 deus
645 1843 736 1897 ipse
764 1842 867 1884 tulit
895 1842 1123 1897 patuitque
1150 1841 1375 1883 ministris.

203 1902 247 1943 hi
279 1908 449 1943 tantum
476 1917 644 1944 movele
674 1902 801 1943 decus
830 1901 1047 1956 primique
1077 1916 1151 1956 per
1179 1906 1314 1941 altem

203 1960 416 2002 sideiibus
444 1960 587 2001 xidere
615 1960 736 2014 xagis
763 1960 993 2015 pendentia
1020 1960 1128 2001 fata.

260 2108 297 2135 22
322 2112 446 2135 rerum
466 2102 565 2146 LGU
595 2101 651 2145 (m
677 2102 738 2145 m.)
764 2101 903 2134 circum
924 2102 977 2146 ux
994 2126 1007 2145 2
1101 2105 1138 2132 25
1165 2097 1283 2132 lucuit
1303 2101 1330 2131 G
1403 2104 1440 2131 26
1467 2108 1545 2131 mu—

201 2160 287 2183 nere
315 2149 360 2183 <3²
385 2158 543 2183 munera
554 2127 683 2193 ¹1LG¹U
715 2174 727 2194 Ξ
870 2155 908 2181 29
934 2145 1062 2180 invitis
1087 2149 1144 2179 Lo
1169 2145 1326 2180 immitis
1352 2147 1393 2183 U„
1469 2143 1545 2189 dis]

201 2197 273 2230 diis
302 2198 385 2243 GU
538 2201 576 2229 32
602 2175 810 2241 imximque]
837 2203 1030 2238 unumque
1058 2195 1119 2239 U
1112 2199 1259 2235 ‚32—234
1281 2197 1367 2237 post
1390 2194 1440 2227 29
1466 2193 1544 2227 coll.

201 2244 294 2278 Scal.
393 2250 430 2277 8⁷
457 2243 718 2287 interpolatum
738 2247 850 2288 putat
877 2243 1021 2278 Breiter
1129 2246 1243 2273 33-39
1269 2241 1422 2275 zffnsemit
1449 2241 1544 2275 Bon.

201 2292 330 2326 desunt
356 2292 397 2325 in
423 2294 447 2324 0
588 2297 627 2323 40
653 2292 689 2324 et
715 2292 925 2334 naturaque
944 2289 989 2322 L¹
1127 2295 1164 2321 44
1191 2290 1371 2334 se1·atU2;
1407 2298 1545 2323 versum

200 2340 330 2373 delevit
349 2339 470 2373 Bentl.
569 2345 608 2371 46
633 2339 723 2372 tune
745 2341 768 2371 0
867 2344 905 2372 48
930 2337 1081 2372 iunxere
1101 2337 1142 2381 U,
1243 2341 1282 2368 50
1307 2335 1345 2369 in
1371 2344 1480 2378 quem
1501 2337 1541 2380 ῙῙ1
