1627 2517
59 108 90 130 v.
113 99 298 130 849—909
444 94 634 129 MANILH
659 92 1006 129 ASTRONOMICA
1349 93 1404 134 33

61 210 136 245 aut
155 203 362 258 gravibus
381 202 544 245 morbis
564 209 605 244 et
624 202 743 244 lenta
762 217 937 256 corpora
960 202 1057 243 tabe

59 262 242 318 corripit
267 262 431 305 exustis
457 262 601 304 letalis
624 262 810 304 flamma
835 261 1038 303 medullis

60 322 333 377 labentisque
359 320 478 377 rapit
502 321 698 376 populos,
726 326 927 376 totasque
952 335 1027 376 per
1055 321 1178 362 urbes

61 381 238 436 publica
260 380 473 423 succensis
495 386 765 435 peraguntur
786 381 883 422 fata
905 380 1126 435 sepulcris.

61 440 204 495 qualis
239 439 501 482 Erechtheos
531 439 666 495 pestis
697 439 907 494 populata
938 439 1108 481 colonos

62 499 222 541 extulit
248 499 452 554 antiquas
477 514 553 554 per
578 500 735 541 funera
761 499 880 554 pacis
905 499 1119 548 Athenas,

62 559 171 600 alter
191 559 238 599 in
258 558 438 601 alterius
457 559 606 601 labens
626 573 723 600 cum
741 559 838 600 fata
858 558 1055 600 ruebant.

61 632 137 659 nec
157 618 274 660 locus
294 618 402 660 artis
422 624 514 659 erat
534 617 726 659 medicae
745 633 820 659 nec
841 624 940 659 vota
960 617 1160 662 valebant
1177 632 1184 666 ;

61 683 244 718 cesserat
271 677 479 719 officium
507 677 682 727 morbis,
713 683 754 718 et
780 677 939 718 funera
964 677 1143 718 deerant

60 736 275 778 mortibus
302 742 344 778 et
370 736 598 786 lacrimae;
635 736 771 778 lassus
797 737 1016 777 defecerat
1043 735 1175 790 ignis,

62 802 103 837 et
124 795 385 837 coacervatis
405 796 615 837 ardebant
636 810 813 850 corpora
833 795 1053 845 membris,

62 869 110 896 ac
137 861 258 896 tanto
287 855 505 909 quondam
532 855 694 910 populo
722 855 796 896 vix
822 854 1012 908 contigit
1042 855 1175 896 heres.

63 913 170 955 talia
192 913 454 968 significant
476 914 666 956 lucentes
688 929 813 969 saepe
835 921 1044 955 cometae:

61 973 218 1014 funera
244 988 342 1014 cum
368 973 541 1015 facibus
568 972 750 1015 veniunt
777 973 988 1028 terrisque
1015 972 1239 1014 minantur

63 1032 256 1074 ardentis
277 1032 370 1073 sine
388 1032 483 1074 fine
504 1047 644 1086 rogos,
666 1047 764 1075 cum
784 1033 971 1074 mundus
994 1038 1035 1074 et
1055 1032 1150 1087 ipsa

62 1097 256 1145 aegrotet
286 1098 457 1141 natura,
491 1092 718 1133 hominum
751 1091 906 1133 sortita
938 1092 1197 1146 sepulcrum.

64 1151 172 1205 quin
192 1156 233 1192 et
253 1150 366 1192 bella
386 1157 547 1192 canunt
565 1150 690 1205 ignes
710 1151 960 1206 subitosque
982 1151 1196 1192 tumultus

65 1216 105 1250 et
128 1209 411 1251 clandestinis
435 1209 659 1264 surgentia
681 1209 913 1251 fraudibus
936 1225 1069 1259 arma,

65 1275 262 1310 externas
285 1269 410 1310 modo
433 1284 508 1323 per
531 1275 694 1322 gentes,
720 1293 773 1296 —
797 1274 845 1310 ut
866 1269 1039 1310 foedere
1062 1277 1190 1323 rupto

64 1342 161 1369 cum
189 1328 285 1369 fera
313 1328 535 1369 ductorem
565 1328 715 1383 rapuit
745 1328 981 1370 Germania
1012 1329 1174 1369 Varum

64 1386 307 1442 infecitque
333 1387 469 1428 trium
497 1387 721 1441 legionum
750 1388 961 1442 sanguine
990 1403 1177 1442 campos,

65 1453 261 1488 arserunt
286 1452 377 1488 toto
403 1447 566 1501 passim
594 1446 851 1488 minitantia
877 1447 1039 1488 inundo

64 1505 246 1555 lumina,
267 1511 308 1547 et
326 1505 422 1560 ipsa
441 1505 547 1547 tulit
566 1506 728 1548 bellum
746 1512 903 1547 natura
922 1521 997 1561 per
1014 1506 1139 1560 ignes

64 1564 351 1619 opposuitque
380 1580 478 1606 suas
507 1564 618 1606 vires
646 1565 872 1620 finemque
902 1565 1068 1606 minata
1099 1572 1174 1607 est.

64 1637 140 1664 nec
171 1623 326 1664 mirere
358 1638 508 1678 graves
539 1639 768 1679 rerumque
799 1624 1111 1679 hominumque
1142 1624 1311 1665 ruinas:

65 1682 191 1736 saepe
217 1682 338 1724 domi
367 1683 494 1737 culpa
523 1690 609 1733 est3
648 1683 862 1725 nescimus
891 1683 1059 1725 credere
1087 1683 1227 1731 caelo;
1268 1708 1319 1711 ἡ

66 1741 210 1782 civilis
228 1741 362 1783 etiam
381 1748 523 1784 motus
541 1748 814 1797 cognataque
831 1742 944 1784 bella

65 1799 341 1853 significant.
377 1816 452 1841 nec
479 1801 606 1855 plura
633 1801 742 1842 alias
768 1801 968 1842 incendia
995 1802 1182 1843 mundus

67 1858 292 1909 sustinuit,
314 1875 445 1914 quam
465 1875 562 1901 cum
583 1857 764 1902 ducibus
784 1860 928 1902 iurata
948 1858 1136 1902 cruentis

68 1933 186 1959 arma
209 1918 467 1973 Philippeos
488 1919 728 1973 implerunt
751 1919 925 1973 agmine
947 1935 1132 1975 campos.

123 2028 178 2055 881
205 2023 340 2057 Lucan.
356 2023 387 2057 V
408 2026 493 2057 811:
524 2024 688 2057 ‘flamma
714 2025 850 2058 tacitas
877 2032 1006 2058 urente
1032 2025 1231 2058 medullas'

124 2123 181 2149 882
209 2117 313 2151 orbes
338 2117 383 2151 Ι.1
491 2124 550 2151 883
576 2118 742 2152 succensi
770 2146 776 2152 .
801 2146 808 2152 .
831 2146 837 2152 .
865 2118 1050 2164 sepulchri
1071 2123 1097 2152 G
1194 2126 1252 2152 884
1280 2119 1412 2152 Erech-

64 2163 182 2207 theos]
209 2163 403 2199 Erectecos
423 2165 503 2198 ΠΙ
528 2165 736 2199 Erictonios
757 2165 801 2198 L²
825 2165 991 2200 Ericteos
1013 2170 1040 2199 G
1107 2172 1162 2200 887
1191 2167 1358 2200 medicae
1378 2169 1413 2198 M

66 2210 201 2244 medici
224 2214 281 2244 LG
347 2211 442 2245 votis
461 2211 506 2245 L¹
620 2219 679 2245 800
704 2212 891 2257 membris]
918 2213 1057 2247 morbis
1079 2217 1100 2246 C
1204 2221 1258 2246 891
1285 2213 1345 2246 vix
1366 2216 1410 2258 ΥΣ,

66 2257 124 2290 via
145 2260 169 2290 0
278 2264 336 2292 805
362 2259 554 2293 hominum
574 2271 635 2305 eqo
661 2260 826 2294 omnium
846 2263 881 2293 M
906 2272 1040 2294 novum
1059 2265 1115 2294 LG
1221 2267 1276 2293 901
1304 2259 1414 2293 mini-

66 2304 188 2338 tantia
208 2309 235 2338 G
259 2305 454 2340 imitancia
472 2309 507 2339 M
531 2307 757 2341 munitantia
776 2311 800 2339 L
920 2315 979 2341 904
1006 2319 1072 2341 nec
1093 2312 1147 2340 LG
1173 2318 1218 2342 ne
1239 2310 1273 2340 Μ
1345 2307 1412 2341 mi-

66 2352 160 2396 rere]
188 2351 391 2395 mirereque
410 2357 446 2386 M
559 2361 618 2387 906
645 2356 681 2389 et
707 2364 792 2387 nam
813 2357 847 2386 M

137 2416 259 2441 Manilii
272 2418 481 2443 Astronomica
502 2419 546 2443 ed.
569 2427 585 2442 v
594 2427 611 2443 a
620 2427 639 2443 n
654 2420 709 2444 XVa
719 2427 737 2451 g
745 2427 760 2444 e
770 2428 786 2443 ιι
797 2420 833 2444 iu
845 2427 885 2451 ge
895 2428 913 2443 n
1180 2417 1198 2447 3

1427 219 1478 244 ⁸:30

1427 515 1478 540 8³5

1428 812 1479 836 890

1431 1404 1482 1428 900

1431 1700 1482 1724 905
