1627 2517
170 86 252 121 VIII
712 84 984 119 PRAEFATIO

171 194 330 247 G¹LM3
356 197 417 236 III
434 199 516 236 659
545 198 686 236 ducens
713 201 763 245 G,
790 198 924 235 ducem
943 199 1044 243 ML;
1070 196 1105 232 V
1121 197 1205 235 393
1226 197 1414 246 peploque
1434 200 1520 245 Gc,

162 258 384 306 populoque
402 260 497 305 ML,
524 257 592 295 sed
617 257 739 295 etiam
764 257 862 294 haec
889 256 1066 306 exempla
1093 255 1209 294 facile
1229 269 1275 294 ex
1295 257 1519 295 coniectura

169 316 359 366 explicari
384 318 562 366 possunt,
587 316 820 366 praesertim
846 328 933 354 cum
960 316 1076 353 lectio
1096 315 1285 364 peploque
1309 316 1352 353 in
1371 318 1403 353 C
1425 328 1519 365 quo-

169 389 246 426 que
278 376 399 424 inest,
433 375 500 424 qui
537 376 656 414 codex
688 375 771 414 sine
798 375 883 413 ulla
910 374 1157 413 dubitatione
1183 375 1400 424 Lipsiensis
1427 387 1520 424 apo-

169 435 363 486 graphum
390 430 498 487 est.¹)

227 494 387 543 Reliqui
414 494 566 532 codices
593 506 670 531 non
696 496 861 544 possunt
887 493 1066 531 adhiberi
1085 493 1135 531 ad
1155 493 1415 543 archetypum
1436 494 1517 532 Ma-

168 553 362 592 nilianum
387 553 688 601 restituendum,
713 566 761 590 ne
781 552 984 591 Venetus
1012 552 1170 602 quidem
1197 547 1286 605 (qui
1310 552 1427 591 hodie
1452 566 1517 602 pe·

166 607 273 664 riit),
311 625 429 662 quem
464 613 678 662 aliquando
713 613 769 651 Io.
797 612 902 649 Frid.
928 611 1149 650 Gronovius
1184 612 1369 660 contulit,
1407 613 1517 650 euius

168 672 419 710 collationem
457 672 534 710 Iac.
562 670 786 710 Gronovius
824 684 911 710 cum
944 671 1124 709 Bentleio
1163 666 1516 724 communicavit.²)

169 731 259 770 Sive
290 731 355 769 hic
387 731 507 769 codex
540 744 585 769 ex
616 730 812 780 Lipsiensi
845 730 1065 779 descriptus
1097 732 1174 778 est,
1211 733 1256 768 ut
1289 731 1519 769 Thielscher

167 791 271 840 vult,
303 790 385 829 sive
411 803 431 828 e
458 790 590 829 codice
618 791 848 838 vetustiore,
881 789 991 828 nobis
1017 791 1173 840 ignoto,
1206 802 1308 839 quae
1334 789 1517 829 Garrodii

167 851 365 888 sententia
398 852 457 888 est
472 845 524 903 ³),
555 850 877 899 interpolationis
909 851 1014 887 certe
1046 849 1216 899 vestigia
1245 861 1341 898 prae
1373 861 1412 887 se
1439 850 1517 888 fert

166 911 285 958 atque
323 909 468 947 idcirco
504 911 618 947 caute
653 908 903 958 usurpandus
935 911 1004 946 est.
1050 908 1162 953 Quod
1193 908 1297 946 idem
1330 909 1437 947 valet
1469 909 1516 946 de

165 968 329 1017 reliquis
349 968 505 1006 Manilii
531 968 743 1016 codicibus,
771 980 939 1017 quorum
965 968 1167 1015 lectiones,
1192 968 1225 1005 si
1251 980 1274 1005 a
1293 971 1418 1006 MLG
1438 968 1516 1007 dis-

166 1029 339 1077 crepant,
366 1027 478 1065 nobis
505 1027 821 1066 coniecturarum
848 1028 976 1065 instar
1002 1039 1085 1065 esse
1110 1026 1265 1065 debent.

223 1087 333 1124 Inter
371 1099 436 1125 eos
475 1086 668 1136 imprimis
704 1086 966 1124 nominandus
1005 1087 1063 1124 est
1094 1085 1215 1124 codex
1246 1086 1514 1125 Bruxellensis

170 1147 334 1194 10699,
374 1146 469 1184 olim
496 1145 672 1184 Ousanus
699 1141 819 1197 (saec.
839 1140 935 1198 XII)
962 1149 1012 1193 C,
1051 1144 1097 1182 de
1129 1145 1239 1183 cuius
1270 1145 1403 1184 indole
1433 1147 1514 1184 iam

164 1207 268 1243 recte
301 1204 494 1243 iudicavit
517 1205 684 1243 Iacobus
714 1200 856 1257 (praef.
884 1205 974 1242 edit.
1001 1218 1038 1253 p.
1059 1201 1146 1256 IX).
1193 1205 1265 1242 Est
1291 1206 1394 1242 enim
1421 1204 1514 1254 Lip-

164 1263 301 1301 siensis
335 1264 609 1313 apographon,
648 1276 692 1301 eo
724 1265 899 1313 tempore
933 1264 1170 1312 confectum,
1208 1266 1419 1313 postquam
1445 1264 1513 1302 ille

163 1323 244 1360 iam
270 1323 501 1361 correctoris
526 1335 687 1360 manum
713 1334 853 1371 passus
880 1325 948 1360 est.
982 1322 1041 1359 Ex
1067 1326 1098 1360 C
1125 1322 1398 1372 profluxerunt
1423 1323 1512 1361 Flo-

163 1383 341 1420 rentinus
368 1381 660 1420 Laurentianus
687 1382 787 1431 plut.
810 1382 876 1429 30,
894 1382 945 1420 15
968 1381 1197 1420 chartaceus
1219 1377 1338 1434 (saec.
1351 1377 1444 1435 XV)
1465 1385 1512 1430 F,

163 1440 233 1490 qui
247 1437 378 1490 ‘quasi
397 1441 484 1480 fons
504 1441 685 1479 lectionis
705 1437 907 1490 vulgatae’
924 1436 1026 1492 est4)
1047 1443 1086 1478 et
1099 1441 1345 1479 Monacensis
1363 1442 1414 1479 15
1428 1443 1509 1480 743

128 1496 282 1552 ⁰¹¹(saec.
302 1494 394 1551 XV)
421 1501 518 1548 M⁰¹¹,
545 1512 713 1548 quorum
739 1502 903 1548 uterque
929 1500 1028 1537 mihi
1047 1502 1164 1538 notus
1185 1502 1243 1538 est
1263 1513 1308 1538 ex
1327 1500 1512 1539 Becherti

163 1559 451 1598 collationibus.
483 1560 572 1608 Ipse
593 1559 743 1597 excussi
757 1559 993 1597 Vossianum
1015 1560 1099 1597 390
1120 1561 1202 1597 sive
1223 1559 1452 1598 Leidensem
1474 1561 1513 1607 3,

121 1646 133 1665 2
163 1631 265 1656 anno
295 1619 407 1656 1470
434 1619 634 1667 scriptum,
661 1622 718 1670 V2
745 1630 767 1655 a
793 1617 936 1656 Iacobo
965 1618 1222 1667 appellatum,
1249 1620 1358 1656 cuius
1385 1619 1512 1657 altera

161 1690 252 1726 pars
280 1673 388 1730 (inde
415 1690 437 1715 a
463 1677 502 1714 11
524 1671 628 1730 692)
655 1677 899 1715 Matritensis
926 1678 1183 1728 apographon
1210 1680 1280 1724 est,
1306 1691 1383 1716 non
1404 1678 1510 1716 omni

161 1749 206 1774 ex
238 1738 350 1785 parte
383 1736 514 1783 fidele,
547 1735 613 1773 sed
646 1736 881 1774 lectionibus
914 1751 934 1774 e
967 1737 1098 1775 codice
1131 1736 1300 1786 quodam
1334 1737 1509 1775 familiae

162 1795 377 1844 Lipsiensis
403 1790 658 1846 foedatum.⁵)
692 1796 764 1833 His
791 1795 1053 1834 deterioribus
1081 1792 1132 1847 (C
1151 1799 1187 1834 F
1207 1797 1293 1834 Μ0ιὶ
1312 1792 1389 1848 V2)
1416 1809 1508 1835 usus

161 1867 263 1903 sum,
296 1856 647 1904 quotienscumque
680 1855 721 1892 in
753 1856 801 1892 iis
835 1857 941 1892 certa
974 1855 1168 1904 quaedam
1201 1855 1423 1893 emendatio
1449 1869 1508 1894 re-

159 1913 387 1964 periebatur
418 1913 493 1951 loci
526 1915 567 1950 in
593 1916 718 1951 MLG
751 1914 938 1963 corrupti,
972 1914 1048 1962 sed,
1082 1916 1126 1951 ut
1157 1913 1236 1951 iam
1270 1927 1389 1964 supra
1415 1914 1507 1963 dixi,

222 2006 253 2044 1)
280 2003 332 2038 Cf.
359 2003 454 2037 Phil.
481 2003 555 2038 NF.
577 2003 643 2037 XX
669 2015 704 2048 p.
728 2007 806 2038 116.

217 2052 253 2096 2)
278 2050 446 2094 Bentley,
475 2050 588 2094 praef.
617 2050 673 2085 ed.
702 2050 830 2085 Manil.
861 2054 962 2091 1739,
989 2062 1024 2094 p.
1046 2050 1139 2084 XIV.

219 2099 253 2142 3)
280 2097 422 2132 Garrod
448 2109 484 2142 p.
506 2097 595 2143 LIV.

218 2146 253 2190 4)
279 2145 446 2188 Bechert,
473 2145 529 2179 ed.
557 2144 684 2179 Manil.
712 2157 748 2189 p.
764 2144 825 2179 VI.

217 2194 251 2236 5)
277 2192 492 2227 Thielscher
516 2203 551 2237 p.
575 2196 652 2227 118.
691 2192 732 2226 In
758 2191 878 2236 priore
904 2194 1009 2236 parte
1029 2195 1073 2238 V,
1103 2193 1194 2226 miro
1221 2192 1330 2227 modo
1357 2204 1438 2226 cum
1459 2196 1500 2239 V¹

158 2243 215 2284 (=
231 2239 412 2275 Vossiano
434 2243 499 2274 237
527 2239 603 2274 sive
623 2238 794 2274 Leidensi
822 2241 877 2282 18)
905 2239 1103 2284 conspirat,
1130 2239 1193 2283 qui
1212 2238 1347 2274 Cusani
1374 2239 1505 2274 similis

158 2289 224 2330 est,
251 2287 296 2322 cf.
322 2287 430 2322 Iacob
457 2287 571 2331 praef.
599 2286 656 2322 ed.
683 2287 780 2321 Man.
808 2298 842 2330 p.
864 2285 929 2330 IX,
964 2286 1121 2321 Bechert
1148 2288 1192 2321 de
1218 2287 1313 2321 Man.
1342 2298 1410 2321 em.
1437 2290 1505 2321 rat.

157 2347 191 2379 p.
216 2338 365 2369 11—12.
