1627 2517
195 74 251 115 34
591 72 628 106 M
633 71 779 107 ANILII
803 71 1149 107 ASTRONOMICA
1428 72 1507 107 Lib.
1530 73 1544 106 Ι

125 199 179 224 910
199 180 359 236 vixque
379 181 512 223 etiam
532 181 643 223 sicca
664 181 788 222 miles
809 180 1032 222 Romanus
1052 180 1211 222 harena

123 496 175 522 915

123 792 174 817 920

122 1087 174 1113 925

197 255 289 282 ossa
321 238 461 281 virum
487 240 731 295 lacerosque
758 240 877 295 prius
903 240 1175 295 superastitit
1205 247 1336 290 artus,

198 299 521 354 imperiumque
548 299 638 341 suis
665 298 873 341 conflixit
900 299 1066 341 viribus
1093 298 1251 354 ipsum,

197 373 357 413 perque
379 358 516 413 patris
539 364 661 413 pater
682 358 914 412 Augustus
936 358 1122 413 vestigia
1144 358 1262 400 vicit.

197 418 380 458 necdum
401 417 511 459 finis
535 424 646 459 erat:
676 418 896 459 restabant
918 417 1052 459 Actia
1074 418 1186 459 bella

197 476 334 518 dotali
359 476 586 518 commissa
612 476 716 526 acie,
743 476 1011 532 repetitaque
1036 492 1178 519 rerum

197 535 304 586 alea,
326 541 368 577 et
389 535 436 576 in
457 542 588 590 ponto
610 536 832 590 quaesitus
851 542 988 577 rector
1011 535 1206 590 Olympi,

196 594 439 636 femineum
464 594 619 636 sortita
644 595 799 649 iugum
825 610 922 636 cum
950 595 1090 637 Roma
1114 594 1336 650 pependit,

196 660 326 709 atque
352 654 449 708 ipsa
477 654 617 695 Isiaco
644 660 865 696 certarunt
891 654 1083 696 fulmina
1110 654 1250 696 sistro.

196 713 417 755 restabant
436 714 625 778 profugo
646 713 821 754 servilia
842 713 985 754 milite
1006 713 1131 763 bella,

196 786 293 814 cum
321 772 486 827 patrios
515 772 647 813 armis
674 772 876 814 imitatus
902 772 1029 814 filius
1057 771 1193 814 hostis

197 846 382 886 aequora
407 831 644 886 Pompeius
669 831 783 886 cepit
809 832 987 873 defensa
1011 831 1196 886 parenti.

196 891 269 931 sed
301 890 408 932 satis
441 891 518 932 hoc
549 890 658 932 fatis
690 891 842 932 fuerit.
884 890 973 932 iam
1006 891 1119 932 bella
1152 891 1388 945 quieseant,

196 956 326 1004 atque
357 949 628 991 adamanteis
659 949 875 991 discordia
907 949 1051 991 vincta
1083 950 1245 991 catenis

197 1016 391 1050 aeternos
415 1009 570 1050 habeat
592 1009 739 1050 frenos
763 1009 810 1050 in
833 1024 999 1050 carcere
1021 1009 1177 1050 clausa.

196 1068 255 1109 sit
274 1074 398 1122 pater
418 1067 608 1109 invictus
629 1068 811 1123 patriae,
835 1068 892 1109 sit
912 1068 1052 1109 Roma
1074 1068 1152 1109 sub
1174 1068 1264 1118 illo,

195 1141 379 1181 cumque
400 1127 530 1168 deum
553 1127 670 1169 caelo
695 1127 876 1176 dederit,
902 1142 987 1168 non
1011 1135 1188 1181 quaerat
1213 1127 1259 1168 in
1284 1127 1395 1168 orbe.

252 1227 309 1253 910
335 1220 550 1254 Lucan.V11
570 1223 655 1254 854:
685 1220 815 1254 ‘siccos
844 1249 850 1254 .
873 1248 880 1254 .
903 1248 909 1254 .
937 1220 1101 1264 campos’
1207 1227 1262 1253 918
1289 1220 1423 1254 Lucan.
1445 1219 1476 1253 X
1498 1223 1541 1253 63

240 1274 296 1300 919
322 1267 459 1301 Lucan.
479 1267 495 1301 I
515 1271 576 1301 43:
605 1267 769 1301 ‘servilia
794 1267 927 1307 bella'3
953 1267 1002 1301 VI
1022 1270 1090 1300 420

252 1357 308 1383 910
334 1350 394 1384 vix
415 1354 442 1384 G
543 1357 597 1383 911
623 1351 836 1393 laserosque
893 1376 901 1384 .
922 1378 928 1383 .
957 1350 1011 1384 ari
1031 1353 1066 1382 M
1161 1357 1217 1382 912
1244 1349 1425 1395 conflixit]
1458 1361 1542 1384 cum

193 1398 294 1432 flexit
315 1401 350 1430 M
446 1404 502 1431 916
529 1396 612 1431 alea
633 1401 660 1430 G
687 1425 690 1430 .
711 1397 791 1431 ,103
810 1401 835 1430 L
863 1396 939 1430 alia
958 1401 993 1429 M
1088 1404 1142 1429 917
1170 1397 1288 1430 Roma
1307 1400 1333 1429 F
1358 1407 1495 1441 pompa
1517 1400 1540 1430 0

239 1445 420 1489 pependit
438 1445 569 1479 Susius
594 1443 765 1488 rependit
786 1447 809 1477 Ο
867 1451 927 1477 920
953 1444 1122 1478 imitatur
1141 1447 1176 1476 M
1232 1451 1291 1477 ⁹23
1316 1445 1440 1478 muti-a
1459 1447 1495 1477 M

193 1499 250 1526 925
278 1492 326 1526 sit
349 1520 378 1526 ..
394 1519 401 1526 .
423 1492 483 1536 sit]
511 1492 564 1526 sic
586 1519 592 1526 .
610 1520 615 1525 .
633 1522 638 1526 .
661 1491 712 1525 sic
731 1495 766 1524 M
871 1498 928 1524 920
955 1492 1126 1537 quaerat]
1153 1491 1276 1534 querit
1295 1494 1330 1524 M
1396 1503 1435 1536 p.
1455 1492 1488 1525 h.
1512 1503 1541 1526 v.

191 1541 354 1584 sequitur
378 1541 418 1574 m
444 1543 494 1573 M:
534 1538 581 1573 M.
610 1539 740 1573 Manili
765 1539 1048 1573 Astronomicon
1079 1538 1175 1572 liber
1205 1538 1345 1583 primus
1377 1538 1541 1583 explicit,

192 1587 326 1631 incipit
358 1587 557 1628 secundum
594 1587 697 1621 nulla
722 1587 937 1629 subscriptio
957 1587 1041 1629 LG1,
1077 1585 1232 1630 explicit
1263 1585 1357 1620 liber
1387 1585 1540 1630 primus,

192 1634 326 1679 incipit
352 1635 535 1668 secundus
562 1637 590 1667 G
621 1635 678 1678 (m.
705 1644 794 1668 sace.
817 1634 922 1678 XV).
975 1635 1024 1668 In
1056 1637 1116 1666 m
1147 1637 1347 1677 sequuntur
1377 1633 1541 1677 capitula

193 1682 279 1716 libri
302 1682 469 1716 secundi:
503 1692 597 1725 quae
636 1681 743 1725 signa
776 1680 982 1715 masculina
1017 1683 1102 1714 sunt
1135 1682 1172 1714 et
1207 1690 1302 1724 quae
1336 1680 1545 1726 feminina]

193 1740 289 1772 quae
324 1729 487 1762 humana
511 1739 607 1772 quae
643 1727 808 1772 duplicia
840 1730 877 1763 et
908 1738 1004 1771 quae
1030 1728 1220 1773 biformas
1239 1738 1333 1772 quae
1359 1729 1542 1762 noctuxna

194 1778 258 1810 aut
293 1775 457 1809 diurnas
475 1786 569 1819 quae
601 1776 756 1809 humida
788 1786 882 1819 quae
915 1777 1063 1810 terrena
1094 1776 1160 1809 aut
1185 1775 1427 1819 communias
1445 1785 1540 1818 quae

192 1823 351 1857 fecunda
383 1833 476 1866 quae
509 1823 694 1857 currentia
727 1825 791 1857 aut
822 1825 925 1857 recta
952 1824 958 1839 Ι
976 1833 1071 1866 quae
1097 1822 1266 1856 sedentia
1292 1824 1358 1856 aut
1382 1821 1542 1856 latentia

192 1881 288 1914 quae
321 1869 460 1904 debilia
511 1881 605 1913 quae
642 1881 752 1904 vcrna
787 1869 982 1905 aestivalia
1018 1869 1250 1904 autumnalia
1285 1871 1322 1904 et
1352 1868 1509 1902 hiberna

192 1928 287 1961 quae
315 1919 425 1951 cauta
451 1905 487 1951 et
513 1929 639 1952 eorum
661 1918 790 1952 dextra
809 1919 847 1952 et
866 1917 1017 1951 sinistra
1038 1917 1099 1951 de
1119 1927 1291 1950 mensura
1308 1902 1538 1960 trigonorum

193 1966 230 1999 et
265 1964 533 2008 quadratorum
568 1965 607 1998 in
642 1966 787 2010 partes
790 1965 864 1999 lde
897 1964 1012 2008 signis
1045 1963 1221 2009 exagonis
1254 1962 1299 1997 de
1332 1963 1539 1998 coniunctis

192 2023 288 2056 quae
318 2012 420 2046 sexto
446 2011 526 2046 loco
555 2012 662 2047 sint!
681 2012 726 2046 de
759 1993 955 2046 contiariis
982 2011 1028 2046 ad
1056 2011 1159 2045 cuius
1185 2009 1342 2044 tutelam
1369 2020 1538 2054 quaeque

191 2060 299 2104 signa
335 2058 546 2093 referuntur
576 2060 584 2081 Ι
609 2049 763 2116 quorum
807 2059 1055 2093 membrorum
1094 2058 1130 2092 in
1166 2057 1348 2092 11001111οΙ
1366 2057 1538 2101 quodque

192 2107 338 2151 signum
376 2106 533 2141 tutelam
567 2090 705 2140 'habeat
732 2106 740 2129 Ι
758 2106 945 2151 signorum
980 2105 1078 2140 inter
1113 2116 1150 2138 se
1187 2105 1407 2139 commercia
1442 2105 1539 2139 xisus

193 2154 343 2188 auditus
364 2153 537 2199 odiasde
564 2153 759 2187 duodecim
786 2153 1028 2188 cathemoriis.
