<?xml version="1.0" encoding="UTF-8"?>
<!DOCTYPE html PUBLIC "-//W3C//DTD XHTML 1.0 Transitional//EN"
    "http://www.w3.org/TR/xhtml1/DTD/xhtml1-transitional.dtd">
<html xmlns="http://www.w3.org/1999/xhtml" xml:lang="en" lang="en">
 <head>
  <title>
</title>
<meta http-equiv="Content-Type" content="text/html;charset=utf-8" />
  <meta name='ocr-system' content='tesseract 3.04.00' />
  <meta name='ocr-capabilities' content='ocr_page ocr_carea ocr_par ocr_line ocrx_word'/>
</head>
<body>
  <div class='ocr_page' id='page_1' title='image "astronomicaedidi00maniuoft_0019.png"; bbox 0 0 1627 2517; ppageno 0'>
   <div class='ocr_carea' id='block_1_1' title="bbox 603 97 1419 133">
    <p class='ocr_par' dir='ltr' id='par_1_1' title="bbox 603 97 1419 133">
     <span class='ocr_line' id='line_1_1' title="bbox 603 97 1419 133; baseline 0.001 -1"><span class='ocrx_word' id='word_1_1' title='bbox 603 97 873 132; x_wconf 79' lang='lat' dir='ltr'>PRAEFATIO</span> <span class='ocrx_word' id='word_1_2' title='bbox 1334 98 1419 133; x_wconf 90' lang='lat' dir='ltr'>XIII</span> 
     </span>
    </p>
   </div>
   <div class='ocr_carea' id='block_1_2' title="bbox 63 205 1424 1682">
    <p class='ocr_par' dir='ltr' id='par_1_2' title="bbox 63 205 1422 1505">
     <span class='ocr_line' id='line_1_2' title="bbox 67 205 1418 264; baseline -0.001 -15"><span class='ocrx_word' id='word_1_3' title='bbox 67 212 145 249; x_wconf 91' lang='lat' dir='ltr'>lius</span> <span class='ocrx_word' id='word_1_4' title='bbox 162 206 215 264; x_wconf 87' lang='lat'>¹),</span> <span class='ocrx_word' id='word_1_5' title='bbox 254 211 318 249; x_wconf 88' lang='lat' dir='ltr'>Fr.</span> <span class='ocrx_word' id='word_1_6' title='bbox 346 210 566 249; x_wconf 86' lang='lat' dir='ltr'>Malchinus</span> <span class='ocrx_word' id='word_1_7' title='bbox 583 205 638 262; x_wconf 74' lang='grc'>2),</span> <span class='ocrx_word' id='word_1_8' title='bbox 677 209 855 247; x_wconf 88' lang='lat' dir='ltr'>Eduinus</span> <span class='ocrx_word' id='word_1_9' title='bbox 882 210 1095 248; x_wconf 80' lang='lat' dir='ltr'>Muellerus</span> <span class='ocrx_word' id='word_1_10' title='bbox 1111 205 1167 262; x_wconf 80' lang='lat'>3),</span> <span class='ocrx_word' id='word_1_11' title='bbox 1205 212 1418 259; x_wconf 72' lang='lat' dir='ltr'><strong>postquam</strong></span> 
     </span>
     <span class='ocr_line' id='line_1_3' title="bbox 66 264 1417 321; baseline -0.001 -12"><span class='ocrx_word' id='word_1_12' title='bbox 66 271 267 309; x_wconf 86' lang='lat' dir='ltr'>sententia</span> <span class='ocrx_word' id='word_1_13' title='bbox 287 264 497 321; x_wconf 79' lang='lat' dir='ltr'>Gruppii4)</span> <span class='ocrx_word' id='word_1_14' title='bbox 525 269 789 307; x_wconf 85' lang='lat' dir='ltr'>existimantis</span> <span class='ocrx_word' id='word_1_15' title='bbox 803 269 995 307; x_wconf 79' lang='lat' dir='ltr'>Varronis</span> <span class='ocrx_word' id='word_1_16' title='bbox 1022 269 1242 307; x_wconf 75' lang='lat' dir='ltr'>doctrinam</span> <span class='ocrx_word' id='word_1_17' title='bbox 1268 270 1310 307; x_wconf 93' lang='lat' dir='ltr'>in</span> <span class='ocrx_word' id='word_1_18' title='bbox 1334 282 1417 307; x_wconf 84' lang='lat' dir='ltr'>car-</span> 
     </span>
     <span class='ocr_line' id='line_1_4' title="bbox 67 323 1418 380; baseline -0.001 -13"><span class='ocrx_word' id='word_1_19' title='bbox 67 331 173 368; x_wconf 88' lang='lat' dir='ltr'>mine</span> <span class='ocrx_word' id='word_1_20' title='bbox 198 329 417 367; x_wconf 88' lang='lat' dir='ltr'>Maniliano</span> <span class='ocrx_word' id='word_1_21' title='bbox 449 328 614 378; x_wconf 81' lang='lat' dir='ltr'>reperiri</span> <span class='ocrx_word' id='word_1_22' title='bbox 640 341 663 366; x_wconf 91' lang='lat' dir='ltr'>a</span> <span class='ocrx_word' id='word_1_23' title='bbox 688 328 839 366; x_wconf 91' lang='lat' dir='ltr'>Dielsio</span> <span class='ocrx_word' id='word_1_24' title='bbox 855 323 887 380; x_wconf 79' lang='lat'>5)</span> <span class='ocrx_word' id='word_1_25' title='bbox 914 329 1090 366; x_wconf 88' lang='lat' dir='ltr'>refutata</span> <span class='ocrx_word' id='word_1_26' title='bbox 1117 330 1213 366; x_wconf 89' lang='lat' dir='ltr'>erat.</span> <span class='ocrx_word' id='word_1_27' title='bbox 1260 328 1302 366; x_wconf 86' lang='lat' dir='ltr'>Si</span> <span class='ocrx_word' id='word_1_28' title='bbox 1327 329 1418 367; x_wconf 86' lang='lat' dir='ltr'>illas</span> 
     </span>
     <span class='ocr_line' id='line_1_5' title="bbox 65 387 1419 439; baseline -0.001 -12"><span class='ocrx_word' id='word_1_29' title='bbox 65 389 397 439; x_wconf 87' lang='lat' dir='ltr'>investigationes</span> <span class='ocrx_word' id='word_1_30' title='bbox 422 387 560 438; x_wconf 83' lang='lat' dir='ltr'>paucis</span> <span class='ocrx_word' id='word_1_31' title='bbox 586 388 843 437; x_wconf 89' lang='lat' dir='ltr'>complector,</span> <span class='ocrx_word' id='word_1_32' title='bbox 875 388 970 426; x_wconf 89' lang='lat' dir='ltr'>haec</span> <span class='ocrx_word' id='word_1_33' title='bbox 997 400 1151 426; x_wconf 89' lang='lat' dir='ltr'>summa</span> <span class='ocrx_word' id='word_1_34' title='bbox 1179 391 1247 426; x_wconf 90' lang='lat' dir='ltr'>est.</span> <span class='ocrx_word' id='word_1_35' title='bbox 1292 388 1419 426; x_wconf 87' lang='lat' dir='ltr'>Multa</span> 
     </span>
     <span class='ocr_line' id='line_1_6' title="bbox 67 447 1419 497; baseline -0.001 -11"><span class='ocrx_word' id='word_1_36' title='bbox 67 448 184 487; x_wconf 92' lang='lat' dir='ltr'>debet</span> <span class='ocrx_word' id='word_1_37' title='bbox 214 448 405 486; x_wconf 83' lang='lat' dir='ltr'>Manilius</span> <span class='ocrx_word' id='word_1_38' title='bbox 436 447 712 495; x_wconf 88' lang='lat' dir='ltr'>Posidonio,</span> <span class='ocrx_word' id='word_1_39' title='bbox 747 448 981 496; x_wconf 86' lang='lat' dir='ltr'>praesertim</span> <span class='ocrx_word' id='word_1_40' title='bbox 1012 448 1054 484; x_wconf 90' lang='lat' dir='ltr'>in</span> <span class='ocrx_word' id='word_1_41' title='bbox 1086 447 1188 485; x_wconf 87' lang='lat' dir='ltr'>libro</span> <span class='ocrx_word' id='word_1_42' title='bbox 1220 447 1347 497; x_wconf 88' lang='lat' dir='ltr'>primo</span> <span class='ocrx_word' id='word_1_43' title='bbox 1380 451 1419 485; x_wconf 87' lang='lat' dir='ltr'>et</span> 
     </span>
     <span class='ocr_line' id='line_1_7' title="bbox 69 506 1419 557; baseline -0.001 -11"><span class='ocrx_word' id='word_1_44' title='bbox 69 509 222 557; x_wconf 76' lang='lat' dir='ltr'>quarto,</span> <span class='ocrx_word' id='word_1_45' title='bbox 249 508 331 545; x_wconf 85' lang='lat' dir='ltr'>sive</span> <span class='ocrx_word' id='word_1_46' title='bbox 358 507 443 557; x_wconf 86' lang='lat' dir='ltr'>agit</span> <span class='ocrx_word' id='word_1_47' title='bbox 468 507 516 545; x_wconf 90' lang='lat' dir='ltr'>de</span> <span class='ocrx_word' id='word_1_48' title='bbox 540 507 628 556; x_wconf 88' lang='lat' dir='ltr'>ipsa</span> <span class='ocrx_word' id='word_1_49' title='bbox 649 506 829 545; x_wconf 85' lang='lat' dir='ltr'>doctrina</span> <span class='ocrx_word' id='word_1_50' title='bbox 850 508 1126 554; x_wconf 72' lang='lat' dir='ltr'>astronomica,</span> <span class='ocrx_word' id='word_1_51' title='bbox 1153 508 1235 545; x_wconf 84' lang='lat' dir='ltr'>sive</span> <span class='ocrx_word' id='word_1_52' title='bbox 1256 506 1302 545; x_wconf 91' lang='lat' dir='ltr'>de</span> <span class='ocrx_word' id='word_1_53' title='bbox 1323 508 1419 555; x_wconf 89' lang='lat' dir='ltr'>fato,</span> 
     </span>
     <span class='ocr_line' id='line_1_8' title="bbox 65 565 1420 619; baseline -0.001 -14"><span class='ocrx_word' id='word_1_54' title='bbox 65 567 114 605; x_wconf 89' lang='lat' dir='ltr'>de</span> <span class='ocrx_word' id='word_1_55' title='bbox 140 566 277 604; x_wconf 91' lang='lat' dir='ltr'>mundi</span> <span class='ocrx_word' id='word_1_56' title='bbox 303 566 440 604; x_wconf 82' lang='lat' dir='ltr'>ordine</span> <span class='ocrx_word' id='word_1_57' title='bbox 466 568 506 604; x_wconf 88' lang='lat' dir='ltr'>et</span> <span class='ocrx_word' id='word_1_58' title='bbox 531 565 774 619; x_wconf 71' lang='grc' dir='ltr'><strong><em>συμπαθείᾳ,</em></strong></span> <span class='ocrx_word' id='word_1_59' title='bbox 800 565 847 603; x_wconf 88' lang='lat' dir='ltr'>de</span> <span class='ocrx_word' id='word_1_60' title='bbox 874 565 997 604; x_wconf 87' lang='lat' dir='ltr'>animi</span> <span class='ocrx_word' id='word_1_61' title='bbox 1022 566 1186 604; x_wconf 89' lang='lat' dir='ltr'>humani</span> <span class='ocrx_word' id='word_1_62' title='bbox 1212 567 1358 604; x_wconf 85' lang='lat' dir='ltr'>natura</span> <span class='ocrx_word' id='word_1_63' title='bbox 1381 569 1420 604; x_wconf 89' lang='lat' dir='ltr'>et</span> 
     </span>
     <span class='ocr_line' id='line_1_9' title="bbox 66 625 1419 677; baseline 0 -13"><span class='ocrx_word' id='word_1_64' title='bbox 66 625 219 677; x_wconf 86' lang='lat' dir='ltr'>origine</span> <span class='ocrx_word' id='word_1_65' title='bbox 255 625 390 664; x_wconf 85' lang='lat' dir='ltr'>divina</span> <span class='ocrx_word' id='word_1_66' title='bbox 421 627 461 663; x_wconf 89' lang='lat' dir='ltr'>et</span> <span class='ocrx_word' id='word_1_67' title='bbox 490 625 719 673; x_wconf 71' lang='lat' dir='ltr'>immortali,</span> <span class='ocrx_word' id='word_1_68' title='bbox 755 626 801 662; x_wconf 89' lang='lat' dir='ltr'>de</span> <span class='ocrx_word' id='word_1_69' title='bbox 833 639 963 663; x_wconf 90' lang='lat' dir='ltr'>rerum</span> <span class='ocrx_word' id='word_1_70' title='bbox 995 626 1218 663; x_wconf 88' lang='lat' dir='ltr'>futurarum</span> <span class='ocrx_word' id='word_1_71' title='bbox 1242 627 1419 674; x_wconf 86' lang='lat' dir='ltr'>praedic-</span> 
     </span>
     <span class='ocr_line' id='line_1_10' title="bbox 65 684 1418 736; baseline -0.001 -13"><span class='ocrx_word' id='word_1_72' title='bbox 65 686 185 734; x_wconf 90' lang='lat' dir='ltr'>tione,</span> <span class='ocrx_word' id='word_1_73' title='bbox 211 685 258 723; x_wconf 88' lang='lat' dir='ltr'>de</span> <span class='ocrx_word' id='word_1_74' title='bbox 284 685 437 735; x_wconf 87' lang='lat' dir='ltr'>generis</span> <span class='ocrx_word' id='word_1_75' title='bbox 462 686 628 722; x_wconf 89' lang='lat' dir='ltr'>humani</span> <span class='ocrx_word' id='word_1_76' title='bbox 653 685 764 722; x_wconf 88' lang='lat' dir='ltr'>cultu</span> <span class='ocrx_word' id='word_1_77' title='bbox 790 684 830 722; x_wconf 92' lang='lat' dir='ltr'>et</span> <span class='ocrx_word' id='word_1_78' title='bbox 849 684 1081 732; x_wconf 89' lang='lat' dir='ltr'>eruditione,</span> <span class='ocrx_word' id='word_1_79' title='bbox 1108 685 1189 724; x_wconf 81' lang='lat' dir='ltr'>sive</span> <span class='ocrx_word' id='word_1_80' title='bbox 1210 686 1418 736; x_wconf 84' lang='lat' dir='ltr'>astrologi-</span> 
     </span>
     <span class='ocr_line' id='line_1_11' title="bbox 63 739 1421 795; baseline 0 -12"><span class='ocrx_word' id='word_1_81' title='bbox 63 757 155 784; x_wconf 76' lang='lat' dir='ltr'>cam</span> <span class='ocrx_word' id='word_1_82' title='bbox 191 744 498 795; x_wconf 83' lang='lat' dir='ltr'>geographicam</span> <span class='ocrx_word' id='word_1_83' title='bbox 532 744 748 782; x_wconf 88' lang='lat' dir='ltr'>lectoribus</span> <span class='ocrx_word' id='word_1_84' title='bbox 783 739 1017 793; x_wconf 78' lang='lat' dir='ltr'>proponit.⁶)</span> <span class='ocrx_word' id='word_1_85' title='bbox 1068 744 1179 790; x_wconf 81' lang='lat' dir='ltr'>Quae</span> <span class='ocrx_word' id='word_1_86' title='bbox 1212 748 1370 794; x_wconf 88' lang='lat' dir='ltr'>sumpta</span> <span class='ocrx_word' id='word_1_87' title='bbox 1397 758 1421 783; x_wconf 87' lang='lat' dir='ltr'>a</span> 
     </span>
     <span class='ocr_line' id='line_1_12' title="bbox 67 803 1420 853; baseline 0 -11"><span class='ocrx_word' id='word_1_88' title='bbox 67 803 235 842; x_wconf 89' lang='lat' dir='ltr'>Manilio</span> <span class='ocrx_word' id='word_1_89' title='bbox 268 803 455 842; x_wconf 84' lang='lat' dir='ltr'>videntur</span> <span class='ocrx_word' id='word_1_90' title='bbox 486 805 632 852; x_wconf 90' lang='lat' dir='ltr'>partim</span> <span class='ocrx_word' id='word_1_91' title='bbox 664 817 710 841; x_wconf 78' lang='lat' dir='ltr'>ex</span> <span class='ocrx_word' id='word_1_92' title='bbox 741 803 947 842; x_wconf 85' lang='lat' dir='ltr'>Posidonii</span> <span class='ocrx_word' id='word_1_93' title='bbox 979 816 1111 853; x_wconf 86' lang='lat' dir='ltr'>opere,</span> <span class='ocrx_word' id='word_1_94' title='bbox 1145 804 1250 853; x_wconf 89' lang='lat' dir='ltr'>quod</span> <span class='ocrx_word' id='word_1_95' title='bbox 1281 804 1420 842; x_wconf 87' lang='lat' dir='ltr'>inscri-</span> 
     </span>
     <span class='ocr_line' id='line_1_13' title="bbox 68 858 1419 916; baseline 0 -15"><span class='ocrx_word' id='word_1_96' title='bbox 68 863 179 901; x_wconf 83' lang='lat' dir='ltr'>bitur</span> <span class='ocrx_word' id='word_1_97' title='bbox 204 858 294 914; x_wconf 78' lang='grc' dir='ltr'><em>περὶ</em></span> <span class='ocrx_word' id='word_1_98' title='bbox 322 862 534 914; x_wconf 83' lang='grc' dir='ltr'><em>μετεώρων,</em></span> <span class='ocrx_word' id='word_1_99' title='bbox 565 863 714 912; x_wconf 85' lang='lat' dir='ltr'>partim</span> <span class='ocrx_word' id='word_1_100' title='bbox 746 875 791 900; x_wconf 80' lang='lat' dir='ltr'>ex</span> <span class='ocrx_word' id='word_1_101' title='bbox 817 863 1065 912; x_wconf 88' lang='lat' dir='ltr'>Protreptico</span> <span class='ocrx_word' id='word_1_102' title='bbox 1093 865 1178 902; x_wconf 92' lang='lat' dir='ltr'>eius</span> <span class='ocrx_word' id='word_1_103' title='bbox 1206 859 1275 916; x_wconf 84' lang='lat' dir='ltr'>(sc.</span> <span class='ocrx_word' id='word_1_104' title='bbox 1304 877 1419 915; x_wconf 86' lang='lat' dir='ltr'>argu-</span> 
     </span>
     <span class='ocr_line' id='line_1_14' title="bbox 68 918 1419 974; baseline 0.001 -14"><span class='ocrx_word' id='word_1_105' title='bbox 68 924 204 961; x_wconf 87' lang='lat' dir='ltr'>menta</span> <span class='ocrx_word' id='word_1_106' title='bbox 222 918 528 974; x_wconf 87' lang='lat' dir='ltr'>philosophica),</span> <span class='ocrx_word' id='word_1_107' title='bbox 555 923 703 971; x_wconf 84' lang='lat' dir='ltr'>partim</span> <span class='ocrx_word' id='word_1_108' title='bbox 722 943 779 949; x_wconf 94' lang='lat'>—-</span> <span class='ocrx_word' id='word_1_109' title='bbox 801 922 905 972; x_wconf 89' lang='lat' dir='ltr'>quod</span> <span class='ocrx_word' id='word_1_110' title='bbox 932 923 1077 961; x_wconf 88' lang='lat' dir='ltr'>attinet</span> <span class='ocrx_word' id='word_1_111' title='bbox 1098 923 1148 960; x_wconf 89' lang='lat' dir='ltr'>ad</span> <span class='ocrx_word' id='word_1_112' title='bbox 1166 935 1228 961; x_wconf 87' lang='lat' dir='ltr'>res</span> <span class='ocrx_word' id='word_1_113' title='bbox 1255 936 1419 973; x_wconf 82' lang='lat' dir='ltr'>geogra-</span> 
     </span>
     <span class='ocr_line' id='line_1_15' title="bbox 66 979 1420 1033; baseline 0 -13"><span class='ocrx_word' id='word_1_114' title='bbox 66 982 203 1031; x_wconf 85' lang='lat' dir='ltr'>phicas</span> <span class='ocrx_word' id='word_1_115' title='bbox 232 1002 287 1008; x_wconf 88' lang='lat'><em>-</em></span> <span class='ocrx_word' id='word_1_116' title='bbox 315 994 362 1019; x_wconf 83' lang='lat' dir='ltr'>ex</span> <span class='ocrx_word' id='word_1_117' title='bbox 392 981 495 1019; x_wconf 88' lang='lat' dir='ltr'>libro</span> <span class='ocrx_word' id='word_1_118' title='bbox 528 995 645 1030; x_wconf 89' lang='lat' dir='ltr'>quem</span> <span class='ocrx_word' id='word_1_119' title='bbox 675 980 766 1033; x_wconf 82' lang='grc' dir='ltr'><strong><em>περὶ</em></strong></span> <span class='ocrx_word' id='word_1_120' title='bbox 797 979 973 1020; x_wconf 81' lang='grc' dir='ltr'>ὠκεανοῦ</span> <span class='ocrx_word' id='word_1_121' title='bbox 1007 984 1291 1031; x_wconf 86' lang='lat' dir='ltr'>composuerat.</span> <span class='ocrx_word' id='word_1_122' title='bbox 1344 982 1420 1021; x_wconf 83' lang='lat' dir='ltr'>Sed</span> 
     </span>
     <span class='ocr_line' id='line_1_16' title="bbox 65 1040 1419 1092; baseline 0.001 -14"><span class='ocrx_word' id='word_1_123' title='bbox 65 1042 181 1079; x_wconf 81' lang='lat' dir='ltr'>iuxta</span> <span class='ocrx_word' id='word_1_124' title='bbox 205 1040 455 1090; x_wconf 88' lang='lat' dir='ltr'>Apamenum</span> <span class='ocrx_word' id='word_1_125' title='bbox 480 1041 668 1080; x_wconf 83' lang='lat' dir='ltr'>Manilius</span> <span class='ocrx_word' id='word_1_126' title='bbox 701 1043 822 1080; x_wconf 87' lang='lat' dir='ltr'>etiam</span> <span class='ocrx_word' id='word_1_127' title='bbox 856 1041 934 1079; x_wconf 89' lang='lat' dir='ltr'>alio</span> <span class='ocrx_word' id='word_1_128' title='bbox 961 1042 1070 1079; x_wconf 89' lang='lat' dir='ltr'>fonte</span> <span class='ocrx_word' id='word_1_129' title='bbox 1096 1042 1137 1079; x_wconf 88' lang='lat' dir='ltr'>in</span> <span class='ocrx_word' id='word_1_130' title='bbox 1164 1041 1265 1080; x_wconf 88' lang='lat' dir='ltr'>libro</span> <span class='ocrx_word' id='word_1_131' title='bbox 1291 1044 1419 1092; x_wconf 89' lang='lat' dir='ltr'>primo</span> 
     </span>
     <span class='ocr_line' id='line_1_17' title="bbox 65 1100 1420 1139; baseline 0.001 -1"><span class='ocrx_word' id='word_1_132' title='bbox 65 1112 158 1138; x_wconf 91' lang='lat' dir='ltr'>usus</span> <span class='ocrx_word' id='word_1_133' title='bbox 195 1101 264 1138; x_wconf 87' lang='lat' dir='ltr'>est.</span> <span class='ocrx_word' id='word_1_134' title='bbox 314 1100 401 1138; x_wconf 83' lang='lat' dir='ltr'>Iam</span> <span class='ocrx_word' id='word_1_135' title='bbox 434 1101 630 1138; x_wconf 85' lang='lat' dir='ltr'>Maassius</span> <span class='ocrx_word' id='word_1_136' title='bbox 665 1100 707 1137; x_wconf 93' lang='lat' dir='ltr'>in</span> <span class='ocrx_word' id='word_1_137' title='bbox 738 1100 878 1138; x_wconf 90' lang='lat' dir='ltr'>Arati</span> <span class='ocrx_word' id='word_1_138' title='bbox 910 1100 1216 1139; x_wconf 89' lang='lat' dir='ltr'>Phaenomenon</span> <span class='ocrx_word' id='word_1_139' title='bbox 1249 1101 1420 1139; x_wconf 87' lang='lat' dir='ltr'>editione</span> 
     </span>
     <span class='ocr_line' id='line_1_18' title="bbox 67 1159 1421 1208; baseline 0.001 -11"><span class='ocrx_word' id='word_1_140' title='bbox 67 1159 298 1206; x_wconf 87' lang='lat' dir='ltr'>adnotavit,</span> <span class='ocrx_word' id='word_1_141' title='bbox 336 1159 478 1208; x_wconf 88' lang='lat' dir='ltr'>quibus</span> <span class='ocrx_word' id='word_1_142' title='bbox 513 1159 609 1197; x_wconf 87' lang='lat' dir='ltr'>locis</span> <span class='ocrx_word' id='word_1_143' title='bbox 644 1162 763 1208; x_wconf 89' lang='lat' dir='ltr'>poeta</span> <span class='ocrx_word' id='word_1_144' title='bbox 798 1160 998 1198; x_wconf 87' lang='lat' dir='ltr'>Romanus</span> <span class='ocrx_word' id='word_1_145' title='bbox 1035 1172 1192 1198; x_wconf 89' lang='lat' dir='ltr'>carmen</span> <span class='ocrx_word' id='word_1_146' title='bbox 1228 1159 1421 1198; x_wconf 86' lang='lat' dir='ltr'>Graecum</span> 
     </span>
     <span class='ocr_line' id='line_1_19' title="bbox 71 1213 1422 1271; baseline 0 -14"><span class='ocrx_word' id='word_1_147' title='bbox 71 1217 307 1266; x_wconf 83' lang='lat' dir='ltr'>adhibuerit,</span> <span class='ocrx_word' id='word_1_148' title='bbox 332 1230 403 1256; x_wconf 89' lang='lat' dir='ltr'>nec</span> <span class='ocrx_word' id='word_1_149' title='bbox 427 1218 557 1256; x_wconf 89' lang='lat' dir='ltr'>minus</span> <span class='ocrx_word' id='word_1_150' title='bbox 577 1218 799 1256; x_wconf 86' lang='lat' dir='ltr'>Malchinus</span> <span class='ocrx_word' id='word_1_151' title='bbox 827 1213 882 1271; x_wconf 89' lang='lat' dir='ltr'>(p.</span> <span class='ocrx_word' id='word_1_152' title='bbox 903 1221 957 1257; x_wconf 85' lang='lat'>47</span> <span class='ocrx_word' id='word_1_153' title='bbox 968 1214 1074 1271; x_wconf 87' lang='lat' dir='ltr'>sqq.)</span> <span class='ocrx_word' id='word_1_154' title='bbox 1099 1220 1170 1257; x_wconf 91' lang='lat' dir='ltr'>hos</span> <span class='ocrx_word' id='word_1_155' title='bbox 1191 1220 1297 1257; x_wconf 86' lang='lat' dir='ltr'>locos</span> <span class='ocrx_word' id='word_1_156' title='bbox 1317 1220 1422 1258; x_wconf 89' lang='lat' dir='ltr'>inter</span> 
     </span>
     <span class='ocr_line' id='line_1_20' title="bbox 66 1278 1422 1327; baseline 0.001 -11"><span class='ocrx_word' id='word_1_157' title='bbox 66 1291 108 1316; x_wconf 90' lang='lat' dir='ltr'>se</span> <span class='ocrx_word' id='word_1_158' title='bbox 140 1279 388 1327; x_wconf 86' lang='lat' dir='ltr'>comparavit</span> <span class='ocrx_word' id='word_1_159' title='bbox 419 1280 458 1315; x_wconf 90' lang='lat' dir='ltr'>et</span> <span class='ocrx_word' id='word_1_160' title='bbox 489 1289 672 1315; x_wconf 85' lang='lat' dir='ltr'>versuum</span> <span class='ocrx_word' id='word_1_161' title='bbox 705 1278 1001 1327; x_wconf 84' lang='lat' dir='ltr'>comparatione</span> <span class='ocrx_word' id='word_1_162' title='bbox 1034 1278 1218 1316; x_wconf 90' lang='lat' dir='ltr'>absoluta</span> <span class='ocrx_word' id='word_1_163' title='bbox 1244 1279 1318 1316; x_wconf 91' lang='lat' dir='ltr'>hoc</span> <span class='ocrx_word' id='word_1_164' title='bbox 1345 1279 1422 1317; x_wconf 89' lang='lat' dir='ltr'>sibi</span> 
     </span>
     <span class='ocr_line' id='line_1_21' title="bbox 65 1336 1418 1388; baseline 0.001 -13"><span class='ocrx_word' id='word_1_165' title='bbox 65 1349 298 1387; x_wconf 88' lang='lat' dir='ltr'>persuasum</span> <span class='ocrx_word' id='word_1_166' title='bbox 318 1337 438 1375; x_wconf 87' lang='lat' dir='ltr'>habet</span> <span class='ocrx_word' id='word_1_167' title='bbox 457 1336 668 1375; x_wconf 88' lang='lat' dir='ltr'>Manilium</span> <span class='ocrx_word' id='word_1_168' title='bbox 686 1338 808 1375; x_wconf 89' lang='lat' dir='ltr'>talem</span> <span class='ocrx_word' id='word_1_169' title='bbox 822 1337 940 1375; x_wconf 90' lang='lat' dir='ltr'>Arati</span> <span class='ocrx_word' id='word_1_170' title='bbox 959 1338 1176 1376; x_wconf 88' lang='lat' dir='ltr'>editionem</span> <span class='ocrx_word' id='word_1_171' title='bbox 1195 1350 1418 1388; x_wconf 87' lang='lat' dir='ltr'>usurpasse,</span> 
     </span>
     <span class='ocr_line' id='line_1_22' title="bbox 66 1396 1420 1448; baseline 0.001 -13"><span class='ocrx_word' id='word_1_172' title='bbox 66 1397 177 1435; x_wconf 78' lang='lat' dir='ltr'>ouius</span> <span class='ocrx_word' id='word_1_173' title='bbox 207 1397 250 1433; x_wconf 89' lang='lat' dir='ltr'>in</span> <span class='ocrx_word' id='word_1_174' title='bbox 281 1396 460 1446; x_wconf 86' lang='lat' dir='ltr'>margine</span> <span class='ocrx_word' id='word_1_175' title='bbox 486 1396 829 1445; x_wconf 85' lang='lat' dir='ltr'>interpretationis</span> <span class='ocrx_word' id='word_1_176' title='bbox 856 1409 978 1435; x_wconf 88' lang='lat' dir='ltr'>causa</span> <span class='ocrx_word' id='word_1_177' title='bbox 1004 1397 1054 1435; x_wconf 87' lang='lat' dir='ltr'>ad</span> <span class='ocrx_word' id='word_1_178' title='bbox 1080 1397 1257 1448; x_wconf 85' lang='lat' dir='ltr'>singulos</span> <span class='ocrx_word' id='word_1_179' title='bbox 1284 1411 1420 1436; x_wconf 86' lang='lat' dir='ltr'>versus</span> 
     </span>
     <span class='ocr_line' id='line_1_23' title="bbox 73 1455 617 1505; baseline -0.002 -11"><span class='ocrx_word' id='word_1_180' title='bbox 73 1456 223 1494; x_wconf 84' lang='lat' dir='ltr'>scholia</span> <span class='ocrx_word' id='word_1_181' title='bbox 249 1455 450 1505; x_wconf 88' lang='lat' dir='ltr'>adscripta</span> <span class='ocrx_word' id='word_1_182' title='bbox 475 1458 617 1494; x_wconf 91' lang='lat' dir='ltr'>essent.</span> 
     </span>
    </p>

    <p class='ocr_par' dir='ltr' id='par_1_3' title="bbox 67 1514 1424 1682">
     <span class='ocr_line' id='line_1_24' title="bbox 126 1514 1421 1565; baseline 0.002 -13"><span class='ocrx_word' id='word_1_183' title='bbox 126 1515 274 1553; x_wconf 89' lang='lat' dir='ltr'>Verum</span> <span class='ocrx_word' id='word_1_184' title='bbox 305 1514 373 1552; x_wconf 88' lang='lat' dir='ltr'>diu</span> <span class='ocrx_word' id='word_1_185' title='bbox 398 1514 562 1564; x_wconf 88' lang='lat' dir='ltr'>latebat,</span> <span class='ocrx_word' id='word_1_186' title='bbox 595 1514 697 1553; x_wconf 90' lang='lat' dir='ltr'>unde</span> <span class='ocrx_word' id='word_1_187' title='bbox 724 1515 911 1553; x_wconf 88' lang='lat' dir='ltr'>Manilius</span> <span class='ocrx_word' id='word_1_188' title='bbox 938 1517 1147 1554; x_wconf 87' lang='lat' dir='ltr'>scientiam</span> <span class='ocrx_word' id='word_1_189' title='bbox 1172 1517 1298 1565; x_wconf 88' lang='lat' dir='ltr'>ipsius</span> <span class='ocrx_word' id='word_1_190' title='bbox 1324 1518 1421 1554; x_wconf 85' lang='lat' dir='ltr'>artis</span> 
     </span>
     <span class='ocr_line' id='line_1_25' title="bbox 67 1570 1422 1628; baseline 0.001 -16"><span class='ocrx_word' id='word_1_191' title='bbox 67 1574 330 1624; x_wconf 85' lang='lat' dir='ltr'>astrologicae</span> <span class='ocrx_word' id='word_1_192' title='bbox 351 1574 592 1623; x_wconf 89' lang='lat' dir='ltr'>sumpsisset.</span> <span class='ocrx_word' id='word_1_193' title='bbox 625 1574 805 1612; x_wconf 85' lang='lat' dir='ltr'>Eduinus</span> <span class='ocrx_word' id='word_1_194' title='bbox 820 1574 988 1612; x_wconf 84' lang='lat' dir='ltr'>Mueller</span> <span class='ocrx_word' id='word_1_195' title='bbox 1008 1570 1064 1627; x_wconf 78' lang='lat' dir='ltr'>(p.</span> <span class='ocrx_word' id='word_1_196' title='bbox 1088 1571 1162 1628; x_wconf 84' lang='lat'>29)</span> <span class='ocrx_word' id='word_1_197' title='bbox 1183 1576 1379 1615; x_wconf 85' lang='lat' dir='ltr'>Riessium</span> <span class='ocrx_word' id='word_1_198' title='bbox 1389 1571 1422 1627; x_wconf 69' lang='grc' dir='ltr'>τ)</span> 
     </span>
     <span class='ocr_line' id='line_1_26' title="bbox 68 1633 1424 1682; baseline 0.001 -11"><span class='ocrx_word' id='word_1_199' title='bbox 68 1634 223 1672; x_wconf 87' lang='lat' dir='ltr'>secutus</span> <span class='ocrx_word' id='word_1_200' title='bbox 244 1633 522 1682; x_wconf 84' lang='lat' dir='ltr'>suspicabatur</span> <span class='ocrx_word' id='word_1_201' title='bbox 539 1635 681 1682; x_wconf 87' lang='lat' dir='ltr'>poetae</span> <span class='ocrx_word' id='word_1_202' title='bbox 701 1634 899 1682; x_wconf 85' lang='lat' dir='ltr'>quoddam</span> <span class='ocrx_word' id='word_1_203' title='bbox 920 1634 1165 1672; x_wconf 85' lang='lat' dir='ltr'>enchiridion</span> <span class='ocrx_word' id='word_1_204' title='bbox 1186 1636 1283 1673; x_wconf 88' lang='lat' dir='ltr'>artis</span> <span class='ocrx_word' id='word_1_205' title='bbox 1299 1636 1424 1673; x_wconf 87' lang='lat' dir='ltr'>astro-</span> 
     </span>
    </p>
   </div>
   <div class='ocr_carea' id='block_1_3' title="bbox 63 1733 1423 2396">
    <p class='ocr_par' dir='ltr' id='par_1_4' title="bbox 126 1733 1330 1781">
     <span class='ocr_line' id='line_1_27' title="bbox 126 1733 1330 1781; baseline 0.002 -13"><span class='ocrx_word' id='word_1_206' title='bbox 126 1736 159 1779; x_wconf 89' lang='lat'>1)</span> <span class='ocrx_word' id='word_1_207' title='bbox 185 1733 279 1776; x_wconf 87' lang='lat' dir='ltr'>Boll,</span> <span class='ocrx_word' id='word_1_208' title='bbox 307 1733 411 1768; x_wconf 84' lang='lat' dir='ltr'>Stud.</span> <span class='ocrx_word' id='word_1_209' title='bbox 438 1737 474 1770; x_wconf 79' lang='lat' dir='ltr'>ii.</span> <span class='ocrx_word' id='word_1_210' title='bbox 503 1734 630 1770; x_wconf 86' lang='lat' dir='ltr'>Claud.</span> <span class='ocrx_word' id='word_1_211' title='bbox 657 1735 895 1771; x_wconf 83' lang='lat' dir='ltr'>Ptolemaeus</span> <span class='ocrx_word' id='word_1_212' title='bbox 921 1738 1042 1781; x_wconf 77' lang='lat'>(1894)</span> <span class='ocrx_word' id='word_1_213' title='bbox 1069 1748 1104 1780; x_wconf 90' lang='lat' dir='ltr'>p.</span> <span class='ocrx_word' id='word_1_214' title='bbox 1127 1740 1330 1772; x_wconf 79' lang='lat'>218—235.</span> 
     </span>
    </p>

    <p class='ocr_par' dir='ltr' id='par_1_5' title="bbox 64 1781 1422 1875">
     <span class='ocr_line' id='line_1_28' title="bbox 124 1781 1422 1827; baseline 0.002 -12"><span class='ocrx_word' id='word_1_215' title='bbox 124 1784 158 1825; x_wconf 82' lang='lat'>2)</span> <span class='ocrx_word' id='word_1_216' title='bbox 184 1781 365 1825; x_wconf 85' lang='lat' dir='ltr'>Malchiu,</span> <span class='ocrx_word' id='word_1_217' title='bbox 399 1782 444 1816; x_wconf 89' lang='lat' dir='ltr'>de</span> <span class='ocrx_word' id='word_1_218' title='bbox 477 1782 689 1817; x_wconf 84' lang='lat' dir='ltr'>auctoribus</span> <span class='ocrx_word' id='word_1_219' title='bbox 722 1783 948 1827; x_wconf 88' lang='lat' dir='ltr'>quibusdam</span> <span class='ocrx_word' id='word_1_220' title='bbox 981 1783 1045 1827; x_wconf 90' lang='lat' dir='ltr'>qui</span> <span class='ocrx_word' id='word_1_221' title='bbox 1076 1783 1270 1818; x_wconf 84' lang='lat' dir='ltr'>Posidonii</span> <span class='ocrx_word' id='word_1_222' title='bbox 1307 1784 1422 1819; x_wconf 79' lang='lat' dir='ltr'>libros</span> 
     </span>
     <span class='ocr_line' id='line_1_29' title="bbox 64 1828 1184 1875; baseline 0.003 -12"><span class='ocrx_word' id='word_1_223' title='bbox 64 1828 368 1871; x_wconf 73' lang='lat' dir='ltr'>meteorologicos</span> <span class='ocrx_word' id='word_1_224' title='bbox 395 1829 648 1864; x_wconf 85' lang='lat' dir='ltr'>adhibuerunt</span> <span class='ocrx_word' id='word_1_225' title='bbox 673 1832 794 1875; x_wconf 83' lang='lat'>(1893)</span> <span class='ocrx_word' id='word_1_226' title='bbox 819 1842 854 1874; x_wconf 92' lang='lat' dir='ltr'>p.</span> <span class='ocrx_word' id='word_1_227' title='bbox 878 1834 933 1875; x_wconf 90' lang='lat'>11,</span> <span class='ocrx_word' id='word_1_228' title='bbox 961 1835 1016 1873; x_wconf 81' lang='lat'>23,</span> <span class='ocrx_word' id='word_1_229' title='bbox 1045 1835 1100 1874; x_wconf 84' lang='lat'>51,</span> <span class='ocrx_word' id='word_1_230' title='bbox 1129 1835 1184 1866; x_wconf 81' lang='lat'>54.</span> 
     </span>
    </p>

    <p class='ocr_par' dir='ltr' id='par_1_6' title="bbox 125 1875 1371 1923">
     <span class='ocr_line' id='line_1_30' title="bbox 125 1875 1371 1923; baseline 0.002 -13"><span class='ocrx_word' id='word_1_231' title='bbox 125 1878 160 1921; x_wconf 89' lang='grc'>3)</span> <span class='ocrx_word' id='word_1_232' title='bbox 187 1876 227 1911; x_wconf 84' lang='grc' dir='ltr'>Ε.</span> <span class='ocrx_word' id='word_1_233' title='bbox 247 1875 391 1919; x_wconf 76' lang='lat' dir='ltr'>Miiller,</span> <span class='ocrx_word' id='word_1_234' title='bbox 418 1877 464 1911; x_wconf 90' lang='lat' dir='ltr'>de</span> <span class='ocrx_word' id='word_1_235' title='bbox 483 1877 683 1912; x_wconf 86' lang='lat' dir='ltr'>Posidonio</span> <span class='ocrx_word' id='word_1_236' title='bbox 704 1878 852 1912; x_wconf 84' lang='lat' dir='ltr'>Manilii</span> <span class='ocrx_word' id='word_1_237' title='bbox 873 1880 1022 1913; x_wconf 86' lang='lat' dir='ltr'>auctore</span> <span class='ocrx_word' id='word_1_238' title='bbox 1047 1880 1169 1923; x_wconf 84' lang='lat'>(1901)</span> <span class='ocrx_word' id='word_1_239' title='bbox 1195 1891 1231 1923; x_wconf 90' lang='lat' dir='ltr'>p.</span> <span class='ocrx_word' id='word_1_240' title='bbox 1257 1884 1287 1922; x_wconf 93' lang='lat'>1,</span> <span class='ocrx_word' id='word_1_241' title='bbox 1315 1882 1371 1913; x_wconf 84' lang='lat'>35.</span> 
     </span>
    </p>

    <p class='ocr_par' dir='ltr' id='par_1_7' title="bbox 64 1922 1423 2110">
     <span class='ocr_line' id='line_1_31' title="bbox 124 1922 1423 1970; baseline 0.002 -13"><span class='ocrx_word' id='word_1_242' title='bbox 124 1925 159 1968; x_wconf 82' lang='lat'>4)</span> <span class='ocrx_word' id='word_1_243' title='bbox 186 1922 357 1968; x_wconf 82' lang='lat' dir='ltr'>Gruppe,</span> <span class='ocrx_word' id='word_1_244' title='bbox 392 1923 545 1960; x_wconf 88' lang='lat' dir='ltr'>Hermes</span> <span class='ocrx_word' id='word_1_245' title='bbox 572 1924 606 1959; x_wconf 94' lang='lat' dir='ltr'>II</span> <span class='ocrx_word' id='word_1_246' title='bbox 640 1927 760 1970; x_wconf 83' lang='lat'>(1876)</span> <span class='ocrx_word' id='word_1_247' title='bbox 795 1937 830 1970; x_wconf 93' lang='lat' dir='ltr'>p.</span> <span class='ocrx_word' id='word_1_248' title='bbox 853 1929 1058 1960; x_wconf 81' lang='lat'><strong>235—239:</strong></span> <span class='ocrx_word' id='word_1_249' title='bbox 1101 1926 1296 1962; x_wconf 84' lang='lat' dir='ltr'>‘vielmehr</span> <span class='ocrx_word' id='word_1_250' title='bbox 1335 1926 1423 1960; x_wconf 82' lang='lat' dir='ltr'>muss</span> 
     </span>
     <span class='ocr_line' id='line_1_32' title="bbox 64 1970 1418 2017; baseline 0.001 -12"><span class='ocrx_word' id='word_1_251' title='bbox 64 1970 239 2005; x_wconf 83' lang='lat' dir='ltr'>Manilius</span> <span class='ocrx_word' id='word_1_252' title='bbox 275 1971 341 2005; x_wconf 86' lang='lat' dir='ltr'>das</span> <span class='ocrx_word' id='word_1_253' title='bbox 375 1971 663 2017; x_wconf 70' lang='lat' dir='ltr'>vollstandigste</span> <span class='ocrx_word' id='word_1_254' title='bbox 697 1973 934 2008; x_wconf 85' lang='lat' dir='ltr'>varronische</span> <span class='ocrx_word' id='word_1_255' title='bbox 966 1972 1082 2008; x_wconf 87' lang='lat' dir='ltr'>Werk</span> <span class='ocrx_word' id='word_1_256' title='bbox 1120 1973 1240 2008; x_wconf 86' lang='lat' dir='ltr'>dieses</span> <span class='ocrx_word' id='word_1_257' title='bbox 1277 1973 1418 2008; x_wconf 85' lang='lat' dir='ltr'>Faches</span> 
     </span>
     <span class='ocr_line' id='line_1_33' title="bbox 64 2018 1418 2065; baseline 0.001 -13"><span class='ocrx_word' id='word_1_258' title='bbox 64 2028 128 2052; x_wconf 80' lang='lat' dir='ltr'>voi·</span> <span class='ocrx_word' id='word_1_259' title='bbox 152 2018 231 2053; x_wconf 85' lang='lat' dir='ltr'>sich</span> <span class='ocrx_word' id='word_1_260' title='bbox 257 2018 398 2063; x_wconf 85' lang='lat' dir='ltr'>gehabt</span> <span class='ocrx_word' id='word_1_261' title='bbox 423 2019 557 2065; x_wconf 86' lang='lat' dir='ltr'>haben,</span> <span class='ocrx_word' id='word_1_262' title='bbox 591 2020 625 2055; x_wconf 85' lang='lat' dir='ltr'>d.</span> <span class='ocrx_word' id='word_1_263' title='bbox 646 2020 682 2054; x_wconf 89' lang='lat' dir='ltr'>h.</span> <span class='ocrx_word' id='word_1_264' title='bbox 708 2020 1017 2055; x_wconf 87' lang='lat' dir='ltr'>wahrscheinlich</span> <span class='ocrx_word' id='word_1_265' title='bbox 1043 2021 1110 2055; x_wconf 84' lang='lat' dir='ltr'>das</span> <span class='ocrx_word' id='word_1_266' title='bbox 1139 2021 1287 2056; x_wconf 78' lang='lat' dir='ltr'>seohste</span> <span class='ocrx_word' id='word_1_267' title='bbox 1314 2020 1418 2054; x_wconf 85' lang='lat' dir='ltr'>Buch</span> 
     </span>
     <span class='ocr_line' id='line_1_34' title="bbox 67 2064 419 2110; baseline 0.006 -11"><span class='ocrx_word' id='word_1_268' title='bbox 67 2064 134 2100; x_wconf 86' lang='lat' dir='ltr'>der</span> <span class='ocrx_word' id='word_1_269' title='bbox 158 2065 419 2110; x_wconf 82' lang='lat' dir='ltr'>Disciplinae’.</span> 
     </span>
    </p>

    <p class='ocr_par' dir='ltr' id='par_1_8' title="bbox 124 2112 1374 2160">
     <span class='ocr_line' id='line_1_35' title="bbox 124 2112 1374 2160; baseline 0.002 -14"><span class='ocrx_word' id='word_1_270' title='bbox 124 2113 159 2157; x_wconf 89' lang='lat'>5)</span> <span class='ocrx_word' id='word_1_271' title='bbox 182 2112 296 2155; x_wconf 78' lang='lat' dir='ltr'>Diels,</span> <span class='ocrx_word' id='word_1_272' title='bbox 323 2113 455 2148; x_wconf 83' lang='lat' dir='ltr'>Rhein.</span> <span class='ocrx_word' id='word_1_273' title='bbox 480 2114 572 2149; x_wconf 86' lang='lat' dir='ltr'>Mus.</span> <span class='ocrx_word' id='word_1_274' title='bbox 600 2118 645 2148; x_wconf 80' lang='lat'>34</span> <span class='ocrx_word' id='word_1_275' title='bbox 670 2116 790 2160; x_wconf 83' lang='lat'>(1879)</span> <span class='ocrx_word' id='word_1_276' title='bbox 817 2127 853 2159; x_wconf 91' lang='lat' dir='ltr'>p.</span> <span class='ocrx_word' id='word_1_277' title='bbox 875 2118 960 2158; x_wconf 76' lang='lat'>4873</span> <span class='ocrx_word' id='word_1_278' title='bbox 986 2115 1147 2160; x_wconf 81' lang='lat' dir='ltr'>Doxogr.</span> <span class='ocrx_word' id='word_1_279' title='bbox 1174 2128 1209 2160; x_wconf 92' lang='lat' dir='ltr'>p.</span> <span class='ocrx_word' id='word_1_280' title='bbox 1234 2119 1314 2158; x_wconf 82' lang='lat'>196,</span> <span class='ocrx_word' id='word_1_281' title='bbox 1338 2119 1374 2148; x_wconf 88' lang='grc'>3.</span> 
     </span>
    </p>

    <p class='ocr_par' dir='ltr' id='par_1_9' title="bbox 63 2158 1422 2348">
     <span class='ocr_line' id='line_1_36' title="bbox 124 2158 1421 2206; baseline 0.002 -13"><span class='ocrx_word' id='word_1_282' title='bbox 124 2161 160 2204; x_wconf 89' lang='grc'>6)</span> <span class='ocrx_word' id='word_1_283' title='bbox 186 2158 354 2194; x_wconf 88' lang='lat' dir='ltr'>Contulit</span> <span class='ocrx_word' id='word_1_284' title='bbox 377 2161 573 2195; x_wconf 85' lang='lat' dir='ltr'>Manilium</span> <span class='ocrx_word' id='word_1_285' title='bbox 605 2173 687 2196; x_wconf 88' lang='lat' dir='ltr'>cum</span> <span class='ocrx_word' id='word_1_286' title='bbox 712 2161 904 2197; x_wconf 84' lang='lat' dir='ltr'>Posidonii</span> <span class='ocrx_word' id='word_1_287' title='bbox 928 2163 1165 2206; x_wconf 74' lang='lat' dir='ltr'>fragmentis,</span> <span class='ocrx_word' id='word_1_288' title='bbox 1199 2174 1221 2196; x_wconf 85' lang='lat' dir='ltr'>a</span> <span class='ocrx_word' id='word_1_289' title='bbox 1249 2162 1421 2204; x_wconf 87' lang='lat' dir='ltr'>Gemino,</span> 
     </span>
     <span class='ocr_line' id='line_1_37' title="bbox 63 2206 1420 2254; baseline 0 -11"><span class='ocrx_word' id='word_1_290' title='bbox 63 2206 222 2249; x_wconf 85' lang='lat' dir='ltr'>Achille,</span> <span class='ocrx_word' id='word_1_291' title='bbox 248 2207 516 2243; x_wconf 68' lang='lat' dir='ltr'>Psi-Aristotele</span> <span class='ocrx_word' id='word_1_292' title='bbox 540 2209 627 2253; x_wconf 80' lang='grc' dir='ltr'><em>περὶ</em></span> <span class='ocrx_word' id='word_1_293' title='bbox 651 2208 791 2254; x_wconf 80' lang='grc' dir='ltr'>κόσμου</span> <span class='ocrx_word' id='word_1_294' title='bbox 817 2210 972 2245; x_wconf 84' lang='lat' dir='ltr'>servatis</span> <span class='ocrx_word' id='word_1_295' title='bbox 992 2210 1203 2244; x_wconf 85' lang='lat' dir='ltr'>Malchinus</span> <span class='ocrx_word' id='word_1_296' title='bbox 1230 2221 1264 2254; x_wconf 92' lang='lat' dir='ltr'>p.</span> <span class='ocrx_word' id='word_1_297' title='bbox 1290 2212 1420 2243; x_wconf 85' lang='lat'>1—40.</span> 
     </span>
     <span class='ocr_line' id='line_1_38' title="bbox 65 2253 1422 2300; baseline 0.002 -12"><span class='ocrx_word' id='word_1_298' title='bbox 65 2253 302 2289; x_wconf 85' lang='lat' dir='ltr'>Addiderunt</span> <span class='ocrx_word' id='word_1_299' title='bbox 334 2266 410 2289; x_wconf 91' lang='lat' dir='ltr'>non</span> <span class='ocrx_word' id='word_1_300' title='bbox 444 2267 566 2300; x_wconf 90' lang='lat' dir='ltr'>pauca</span> <span class='ocrx_word' id='word_1_301' title='bbox 604 2258 642 2291; x_wconf 89' lang='lat' dir='ltr'>et</span> <span class='ocrx_word' id='word_1_302' title='bbox 680 2259 916 2292; x_wconf 82' lang='lat' dir='ltr'>correxerunt</span> <span class='ocrx_word' id='word_1_303' title='bbox 950 2257 1130 2292; x_wconf 88' lang='lat' dir='ltr'>nonnulla</span> <span class='ocrx_word' id='word_1_304' title='bbox 1164 2256 1309 2290; x_wconf 84' lang='lat' dir='ltr'>Bollius</span> <span class='ocrx_word' id='word_1_305' title='bbox 1342 2256 1369 2290; x_wconf 92' lang='lat' dir='ltr'>l.</span> <span class='ocrx_word' id='word_1_306' title='bbox 1397 2255 1422 2291; x_wconf 86' lang='lat' dir='ltr'>l.</span> 
     </span>
     <span class='ocr_line' id='line_1_39' title="bbox 67 2301 716 2348; baseline 0.006 -13"><span class='ocrx_word' id='word_1_307' title='bbox 67 2312 104 2345; x_wconf 88' lang='lat' dir='ltr'>p.</span> <span class='ocrx_word' id='word_1_308' title='bbox 125 2305 193 2336; x_wconf 83' lang='lat'>229</span> <span class='ocrx_word' id='word_1_309' title='bbox 221 2303 259 2336; x_wconf 89' lang='lat' dir='ltr'>et</span> <span class='ocrx_word' id='word_1_310' title='bbox 285 2301 352 2337; x_wconf 85' lang='lat' dir='ltr'>Ed.</span> <span class='ocrx_word' id='word_1_311' title='bbox 373 2303 506 2338; x_wconf 80' lang='lat' dir='ltr'>Mffller</span> <span class='ocrx_word' id='word_1_312' title='bbox 531 2315 566 2348; x_wconf 91' lang='lat' dir='ltr'>p.</span> <span class='ocrx_word' id='word_1_313' title='bbox 590 2307 716 2339; x_wconf 82' lang='lat'>1—28.</span> 
     </span>
    </p>

    <p class='ocr_par' dir='ltr' id='par_1_10' title="bbox 130 2347 1032 2396">
     <span class='ocr_line' id='line_1_40' title="bbox 130 2347 1032 2396; baseline 0.002 -13"><span class='ocrx_word' id='word_1_314' title='bbox 130 2351 164 2392; x_wconf 81' lang='grc'>7)</span> <span class='ocrx_word' id='word_1_315' title='bbox 192 2347 528 2393; x_wconf 75' lang='lat' dir='ltr'>Pauly-Wissowa,</span> <span class='ocrx_word' id='word_1_316' title='bbox 556 2350 791 2396; x_wconf 86' lang='lat' dir='ltr'>Realencycl.</span> <span class='ocrx_word' id='word_1_317' title='bbox 813 2351 846 2385; x_wconf 90' lang='grc' dir='ltr'>Π</span> <span class='ocrx_word' id='word_1_318' title='bbox 872 2364 908 2396; x_wconf 89' lang='lat' dir='ltr'>p.</span> <span class='ocrx_word' id='word_1_319' title='bbox 932 2355 1032 2386; x_wconf 86' lang='lat'>1819.</span> 
     </span>
    </p>
   </div>
  </div>
 </body>
</html>
