1627 2517
77 118 107 141 v.
129 110 315 141 357—412
474 104 664 139 MANILII
688 103 1030 139 ASTRONOMICA
1374 103 1426 144 15

78 215 297 268 Augusto,
331 214 451 255 sidus
481 220 624 254 nostro
656 213 767 267 quod
799 212 987 266 contigit
1020 211 1126 260 orbi,
1447 229 1496 254 3³³5

79 274 236 315 Caesar
263 288 376 314 nunc
404 273 544 321 terris,
573 280 670 326 post
698 272 814 312 caelo
842 271 1060 312 maximus
1088 280 1247 312 auctor.

78 347 247 374 eernere
278 332 470 373 vicinum
499 330 700 373 Geminis
729 330 831 372 licet
860 329 1037 379 Oriona,

80 392 125 432 in
160 406 363 445 magnam
395 389 502 432 caeli
536 391 782 432 tendentem
816 389 1014 431 bracchia
1047 396 1213 444 partem

80 466 155 492 nec
182 451 325 492 minus
352 456 525 491 extento
553 456 800 503 surgentem
828 449 881 490 ad
910 448 1050 490 sidera
1076 464 1218 503 passu,

81 509 255 564 singula
286 508 502 563 fulgentis
536 523 703 550 umeros
735 507 804 549 cui
837 507 1005 549 lumina
1038 507 1216 561 signant
1448 525 1500 550 390

81 577 121 610 et
147 569 286 610 tribus
310 568 500 623 obliquis
524 568 734 609 demissus
759 567 932 609 ducitur
955 567 1082 608 ensis.

80 635 123 669 at
146 634 275 682 caput
298 626 435 669 Orion
458 627 622 668 excelso
646 627 874 668 immersus
898 626 1087 681 Olympo

80 703 155 742 per
180 687 266 728 tria
290 686 500 728 subducto
526 686 726 740 signatur
750 685 918 727 lumina
944 686 1081 734 vultu,

82 761 167 788 non
189 747 302 801 quod
324 746 438 787 clara
461 745 619 795 minus,
643 745 715 786 sed
738 745 851 801 quod
873 744 1015 799 magis
1037 745 1125 786 alta
1147 745 1363 786 recedunt.

83 806 160 847 hoc
187 806 292 847 duce
320 820 395 860 per
424 812 564 846 totum
592 804 823 846 decurrunt
853 803 994 845 sidera
1021 803 1244 844 mundum.
1450 821 1500 846 395

81 865 357 919 subsequitur
379 864 533 919 rapido
553 870 753 905 contenta
776 863 988 905 Canicula
1009 879 1147 912 cursu,

83 939 167 978 qua
196 924 366 965 nullum
397 923 523 965 terris
553 922 787 964 violentius
817 922 992 964 advenit
1023 929 1187 964 astrum

79 998 153 1024 nec
180 982 354 1038 gravius
375 982 512 1032 cedit;
544 998 655 1024 nunc
678 982 852 1023 horrida
876 982 1042 1036 frigore
1069 982 1224 1036 surgit,

83 1057 195 1083 nunc
221 1057 402 1083 vacuum
429 1041 509 1083 soli
535 1042 781 1095 fulgentem
807 1041 967 1083 deserit
993 1041 1161 1082 orbem:

82 1101 142 1142 sic
165 1101 212 1142 in
234 1108 465 1155 utrumque
488 1107 630 1142 movet
651 1101 862 1141 mundum
886 1106 925 1141 et
948 1100 1164 1142 contraria
1186 1099 1343 1141 reddit.
1451 1117 1503 1142 400

85 1160 193 1201 hanc
218 1160 293 1214 qui
318 1166 580 1213 surgentem,
606 1158 747 1213 primo
772 1174 869 1200 cum
894 1159 1091 1200 redditur
1115 1165 1225 1208 ortu,

83 1219 244 1260 montis
278 1218 330 1260 ab
364 1218 529 1259 excelso
564 1218 840 1275 speculantur
873 1217 1030 1259 vertice
1066 1218 1215 1267 Tauri,

84 1284 259 1319 eventus
287 1278 470 1332 frugum
501 1278 641 1319 varios
672 1284 714 1318 et
744 1284 938 1332 tempora
969 1277 1133 1326 dicunt,

84 1352 277 1392 quaeque
303 1337 505 1378 valetudo
530 1336 690 1386 veniat,
719 1336 945 1378 concordia
973 1343 1157 1391 quante:

83 1397 196 1438 bella
220 1396 333 1437 facit
358 1410 592 1451 pacemque
618 1395 753 1437 refert
780 1395 983 1450 varieque
1010 1402 1223 1437 revertens
1453 1413 1503 1438 405

82 1455 142 1496 sic
162 1461 316 1505 movet,
336 1462 383 1496 ut
401 1455 514 1496 vidit
532 1455 757 1504 mundum,
777 1455 985 1509 vultuque
1004 1455 1230 1509 gubernat.

85 1529 243 1569 magna
267 1514 383 1556 fides
407 1515 483 1556 hoc
508 1529 630 1569 posse
654 1515 767 1555 color
792 1529 1022 1569 cursusque
1047 1513 1250 1555 micantis

83 1573 130 1614 in
150 1573 316 1615 radios:
342 1572 417 1614 vix
437 1573 524 1615 sole
544 1573 698 1622 minor,
720 1573 806 1614 nisi
827 1573 940 1627 quod
961 1573 1110 1627 procul
1131 1573 1307 1613 haerens

82 1632 253 1687 frigida
274 1633 468 1674 caeruleo
488 1638 741 1686 contorquet
763 1632 931 1674 lumina
952 1631 1089 1673 vultu.

84 1699 224 1733 cetera
253 1691 487 1733 vincuntur
517 1690 670 1746 specie,
702 1706 777 1733 nec
807 1691 966 1732 clarius
998 1697 1162 1732 astrum
1452 1708 1505 1733 410

85 1750 307 1804 tinguitur
340 1765 494 1792 oceano
527 1750 744 1791 caelumve
777 1750 927 1791 revisit
959 1750 1012 1791 ab
1047 1750 1187 1791 undis.

84 1817 184 1851 tunc
217 1810 413 1864 Procyon
443 1810 651 1864 veloxque
680 1810 838 1864 Lepus,
869 1816 962 1851 tum
995 1809 1154 1851 nobilis
1185 1811 1309 1864 Argo

144 1933 202 1960 :386
228 1925 349 1960 Germ.
376 1927 479 1961 Amat.
500 1926 514 1959 I
537 1930 573 1960 2:
603 1926 800 1960 ‘maximus
828 1927 970 1960 auctor’
1071 1933 1126 1959 401
1154 1926 1274 1960 Germ.
1296 1927 1398 1960 Arat.
1420 1925 1435 1958 Ι

85 1977 170 2008 340:
200 1974 319 2008 ‘sidus
346 1972 590 2019 (Caniculam)
617 1973 737 2017 primo
765 1973 982 2017 speculatur
1007 1973 1053 2007 ab
1080 1974 1177 2008 ortu’

143 2089 297 2117 385—386
323 2082 476 2117 damnat
502 2082 646 2117 Breiter
747 2086 806 2113 389
833 2079 880 2114 ad
907 2082 941 2112 M
967 2091 1032 2114 om.
1054 2084 1110 2114 LG
1190 2086 1264 2113 >:392
1292 2079 1435 2113 excelso

83 2134 119 2164 M
145 2132 199 2174 (in
216 2131 276 2174 m.)
299 2133 357 2164 LG
382 2139 508 2163 exesso
528 2132 563 2161 M
611 2128 804 2162 immersus
823 2127 918 2163 ScaZ.
944 2126 1133 2161 inmensus
1155 2130 1179 2160 0
1277 2133 1335 2159 393
1362 2126 1436 2170 sig-

84 2182 196 2212 nat-ur
219 2181 277 2211 LG
307 2177 501 2222 signantur
526 2180 560 2209 M
704 2181 763 2208 394
788 2175 968 2208 recedunt
993 2176 1137 2209 Breiter
1162 2174 1338 2208 recedant
1364 2176 1388 2206 0

84 2231 142 2259 398
167 2236 266 2259 nunc
292 2225 435 2260 Breiter
459 2234 526 2257 nec
553 2227 576 2257 Ο
627 2221 748 2267 surgit
771 2226 832 2255 ML
859 2222 977 2256 saevit
997 2225 1024 2254 G
1069 2226 1153 2265 post
1176 2222 1272 2255 hunc
1297 2231 1436 2255 versum

83 2276 284 2317 sequuntur
308 2273 501 2306 443—529
527 2274 551 2304 0
708 2276 767 2303 399
792 2281 891 2303 nunc
917 2270 1061 2304 Breiter
1085 2280 1131 2302 ne
1158 2271 1191 2300 M
1217 2268 1308 2301 haec
1332 2271 1389 2300 LG

85 2319 154 2354 soli
179 2320 332 2355 Howsm.
360 2318 447 2354 solis
475 2322 498 2352 0
607 2324 664 2351 401
690 2317 755 2360 qui
780 2320 844 2350 MG
869 2327 981 2360 quam
1006 2320 1031 2349 L
1135 2321 1193 2348 403
1220 2314 1349 2348 dieunt
1375 2318 1435 2348 ML

87 2367 227 2400 ducunt
252 2370 280 2400 G
376 2372 432 2399 412
459 2365 640 2410 Procyon]
667 2363 848 2398 Proehion
876 2367 899 2396 0
955 2362 1061 2407 lepus
1088 2365 1148 2395 ML
1175 2361 1285 2406 lupus
1314 2365 1339 2395 G
