1627 2517
602 110 873 145 PRAEFATIO
1369 110 1417 144 XI

66 224 194 261 morte
235 222 449 272 impeditus
493 225 570 273 est,
611 223 818 272 quominus
858 235 1014 261 carmen
1054 235 1171 260 suum
1197 222 1417 260 absolveret

69 277 110 335 (I
132 277 247 335 115).
282 283 411 331 Atque
436 282 538 320 hanc
564 294 722 321 causam
748 282 820 321 illa
845 282 927 320 veri
953 282 1183 320 similiorem
1203 293 1285 319 esse
1305 282 1416 330 puto,

68 341 259 391 quoniam
289 343 374 380 toto
400 342 572 380 carmine
605 343 701 381 satis
733 342 861 379 multa
892 342 1061 392 vestigia
1095 340 1416 379 animadvertun-

67 403 148 449 tur,
173 413 274 451 quae
300 403 513 439 extremam
539 401 652 439 illam
677 414 838 439 manum
864 401 974 451 operi
992 414 1071 439 non
1092 401 1296 440 accessisse
1317 399 1417 436 dilu-

68 461 155 498 cide
181 456 439 512 ostendant.¹)
484 461 617 498 Etiam
643 460 761 511 pauci
786 462 943 499 exstant
968 472 1116 511 versus,
1143 460 1210 510 qui
1237 460 1417 508 quamvis

70 519 120 557 ab
151 520 237 569 ipso
268 521 386 569 poeta
416 520 602 569 profecti,
634 523 768 558 tamen
793 522 904 558 iuxta
930 520 1080 558 vicinos
1106 521 1200 558 ferri
1226 531 1303 556 non
1329 531 1416 567 pos-

70 581 165 617 sunt
190 581 310 628 atque
333 592 379 617 ex
398 580 576 629 margine
595 579 751 617 Manilii
771 579 1009 630 autographi
1028 579 1282 617 librariorum
1302 578 1417 626 culpa

69 639 111 676 in
136 640 290 676 textum
315 638 518 688 irrepsisse
544 639 739 687 videntur,
766 651 865 688 quos
892 652 963 690 ego
991 640 1177 677 asterisco
1203 638 1359 689 signavi
1379 640 1417 674 et

69 699 187 747 quasi
206 697 322 736 alteri
340 699 559 736 recensioni
579 698 715 746 tribui,
735 699 844 737 velut
863 698 883 736 Ι
897 699 994 747 428,
1016 700 1115 747 429,
1137 700 1234 745 743,
1259 697 1299 735 H
1321 698 1416 735 374.

130 757 215 795 Iam
246 757 338 795 inde
370 770 393 795 a
424 758 669 807 temporibus
695 757 869 796 Bentleii
901 753 979 811 (ed.
1005 758 1128 807 praef.
1155 772 1191 807 p.
1212 756 1264 806 X)
1299 757 1416 794 multi

70 817 249 864 fuerunt,
282 818 350 865 qui
380 819 568 866 putarent
593 817 801 856 Manilium
834 819 1137 868 peregrinum
1164 817 1304 865 fuisse,
1337 817 1419 854 sive

71 877 114 914 in
132 877 242 923 Asia,
267 877 349 914 sive
374 877 417 914 in
435 876 585 925 Africa,
607 877 692 917 sive
717 878 760 914 in
780 876 910 914 Gallia
936 880 1088 925 natum,
1115 877 1166 914 ad
1192 889 1310 926 quam
1331 889 1419 914 sen-

69 935 238 973 tentiam
262 935 417 974 inducti
441 938 536 974 sunt
559 938 708 986 partim
735 937 966 987 cognomine
995 937 1062 975 illo
1084 937 1288 983 Boenus,
1315 935 1419 984 quod

71 994 272 1033 nonnullis
310 1007 357 1032 ex
388 995 572 1034 Poenus
609 996 868 1045 depravatum
901 1008 982 1034 esse
1014 995 1234 1044 videbatur,
1272 995 1420 1044 partim

70 1055 211 1103 poetae
249 1066 425 1092 sermone
463 1055 560 1093 duro
597 1067 818 1105 parumque
857 1055 1043 1094 dilucido.
1095 1055 1153 1093 De
1189 1055 1420 1105 cognomine

70 1114 153 1151 iam
179 1125 301 1162 supra
327 1110 383 1165 (p.
402 1110 480 1166 IX)
507 1126 530 1151 a
555 1127 617 1152 me
638 1115 884 1164 disputatum
905 1117 974 1162 est,
1003 1115 1265 1152 elocutionem
1286 1116 1421 1151 autem

71 1172 331 1210 Manilianam
364 1174 552 1211 instituta
583 1177 770 1211 accurata
801 1173 1060 1222 inquisitione
1091 1174 1133 1210 in
1158 1186 1272 1211 usum
1299 1174 1420 1222 scrip-

70 1233 182 1279 toris,
209 1244 296 1269 cum
322 1232 492 1270 aliorum
518 1233 674 1282 scriptis
703 1235 985 1282 comparatum,
1013 1232 1272 1270 defenderunt
1293 1232 1421 1270 xWolt—

67 1292 177 1341 jerus
204 1286 260 1343 (p.
282 1286 474 1344 30—40)
503 1293 543 1329 et
567 1291 734 1330 Adolfus
756 1291 917 1330 Cramer
943 1287 999 1344 (p.
1021 1287 1227 1345 21—55)‚
1254 1305 1300 1329 ex
1326 1304 1422 1340 quo-

72 1364 160 1388 rum
198 1349 543 1389 dissertationibus
582 1352 680 1389 satis
720 1353 886 1401 apparet
916 1351 1074 1389 Manilii
1111 1364 1233 1403 genus
1266 1350 1421 1388 dicendi

72 1422 199 1459 neque
229 1409 443 1448 barbarum
468 1423 596 1459 neque
623 1410 815 1449 absonum
840 1424 864 1449 a
889 1411 1042 1462 legibus
1067 1411 1227 1462 linguae
1253 1411 1421 1448 Latinae

71 1470 205 1518 fuisse,
237 1469 312 1507 etsi
339 1466 563 1507 ‘idiotismi’
591 1483 669 1508 non
703 1469 854 1518 desunt,
887 1470 957 1519 qui
982 1483 1073 1508 cum
1099 1471 1315 1519 asperitate
1341 1482 1422 1507 ma-

72 1528 196 1566 teriae
220 1530 310 1567 tum
336 1531 511 1580 egestate
536 1529 672 1567 Latini
697 1531 887 1568 sermonis
906 1530 1023 1568 facile
1044 1533 1279 1569 excusantur
1300 1525 1421 1581 (Scal.

73 1588 222 1637 proleg.
253 1601 291 1637 p.
314 1584 460 1640 3—4).
509 1588 675 1627 Accedit
712 1589 817 1638 quod
853 1590 938 1639 ipse
970 1589 1158 1628 Manilius
1193 1602 1272 1627 non
1303 1589 1422 1627 semel

74 1646 272 1697 significat
297 1660 337 1685 se
356 1647 579 1686 Romanum
605 1660 699 1698 esse,
726 1661 919 1697 suumque
946 1661 1164 1687 sermonem
1186 1647 1335 1687 Graeco
1356 1661 1422 1698 op-

73 1706 198 1755 ponit,
223 1706 334 1745 velut
358 1706 378 1744 I
400 1708 437 1755 7,
468 1707 509 1744 II
531 1708 627 1752 888,
658 1707 720 1745 DJ
741 1709 933 1756 cio—42,
965 1708 1025 1745 IV
1042 1709 1233 1756 37—423
1263 1707 1304 1745 II
1326 1708 1422 1755 897,

79 1766 176 1814 909,
198 1767 294 1815 916,
317 1767 412 1816 937,
438 1766 496 1803 IV
511 1767 608 1815 818,
629 1767 726 1812 848,
745 1767 781 1803 V
799 1768 894 1817 646,
921 1767 968 1805 de
989 1768 1131 1816 quibus
1150 1767 1247 1806 locis
1267 1770 1424 1817 praeter

74 1824 314 1874 Woltjerum
349 1826 471 1864 etiam
504 1826 591 1864 fuse
625 1827 707 1877 egit
737 1826 968 1865 Bechertius
1003 1823 1070 1879 (de
1102 1827 1153 1864 M.
1186 1828 1290 1864 Man.
1316 1827 1421 1864 Astr.

74 1886 194 1933 poeta
223 1898 261 1933 p.
283 1880 432 1937 8sqq.).
482 1884 592 1923 Haec
629 1885 858 1924 testimonia
893 1888 999 1924 certo
1031 1888 1233 1924 testantur
1265 1888 1423 1935 poetam

77 1943 198 1981 fuisse
224 1944 483 1981 Romanum
509 1950 579 1982 aut
605 1950 709 1982 certe
735 1941 964 1997 Italum.2)

138 2081 172 2123 1)
197 2080 304 2114 Anno
332 2085 373 2115 17
400 2093 436 2125 p.
465 2081 546 2117 Chr.
572 2094 607 2117 11.
634 2083 891 2117 Astronomica
916 2083 992 2117 iam
1017 2085 1107 2118 nota
1133 2083 1247 2117 fuisse
1275 2082 1424 2117 Germa--

77 2125 159 2161 nico
186 2127 334 2172 egregie
361 2128 631 2164 demonstravit
655 2130 686 2165 J.
709 2130 872 2174 Moeller,
900 2129 1004 2165 Stud.
1031 2130 1129 2164 Man.
1156 2143 1191 2175 p.
1214 2134 1269 2172 41,
1296 2129 1424 2173 impri-

77 2173 148 2207 mis
172 2174 276 2208 nisus
302 2175 421 2211 Germ.
443 2177 546 2212 Arat.
569 2181 636 2211 184
662 2188 745 2212 cum
773 2177 871 2212 Man.
887 2177 977 2212 V23
1004 2179 1230 2222 comparato.
1270 2177 1424 2210 Nullum

78 2222 223 2255 sextum
254 2221 390 2257 librum
422 2236 443 2258 a
476 2225 630 2259 Manilio
663 2225 843 2269 scriptum
874 2225 1072 2267 exstitisse,
1108 2236 1219 2268 quem
1246 2224 1424 2257 Firmicus

77 2267 224 2311 adierit,
250 2270 414 2304 ostendit
439 2271 522 2306 Boll
549 2272 634 2317 Sph.
660 2284 696 2316 p.
719 2275 786 2306 388
814 2274 850 2307 et
874 2276 954 2307 404.

129 2318 174 2395 ῒ321.)
200 2315 252 2351 Gf.
279 2317 326 2397 ,ἑο
342 2318 498 2353 Kramer
522 2319 624 2364 (diss.
643 2319 821 2364 Marburg
843 2321 958 2363 1890),
986 2319 1185 2363 Appendix
1212 2319 1257 2353 de
1277 2318 1425 2352 Manilii

78 2372 127 2404 pa
165 2373 202 2396 la
225 2374 260 2406 p.
331 2392 337 2399 .

1459 772 1538 796 atri-‚1
