1627 2517
92 127 121 150 v.
147 121 212 152 194
226 122 331 153 —253
487 120 676 155 MANILII
701 118 1044 155 ASTRONOMICA
1416 118 1441 159 9

93 243 177 270 non
210 229 350 271 omnis
380 230 544 284 pariter
575 229 807 271 confundis
839 229 977 270 sidere
1009 229 1197 283 dempto,

92 289 164 330 sed
193 289 314 343 prius
342 304 440 330 eoae
468 295 680 343 quaerunt
708 295 783 330 tua
810 288 979 329 lumina
1007 294 1169 342 gentes,

88 356 197 402 post,
226 346 367 390 medio
390 348 581 389 subiecta
604 347 702 402 polo
724 363 1017 402 quaecumque
1041 347 1255 396 coluntur,
1460 364 1511 390 225

92 407 249 448 ultima
276 407 330 448 ad
358 406 574 462 hesperios
600 406 779 448 infectis
805 407 987 448 volveris
1015 406 1096 448 alis

89 481 265 521 seraque
290 467 337 507 in
359 465 565 507 extremis
589 466 848 521 quatiuntur
872 463 1075 520 gentibus
1100 482 1210 507 aera.

89 525 243 579 quodsi
269 526 399 580 plana
426 526 542 566 foret
568 526 710 575 tellus,
740 526 869 566 semel
897 533 989 566 orta
1016 541 1090 580 per
1119 540 1287 566 omnem

86 584 296 626 deficeret
320 584 484 639 pariter
507 584 589 626 toti
615 584 877 626 miserabilis
900 583 1008 626 orbi.

87 644 159 685 sed
186 644 291 698 quia
315 659 390 699 per
417 650 594 686 teretem
620 644 804 686 deducta
831 651 894 686 est
920 651 1033 685 terra
1060 650 1286 693 tumorem,
1457 660 1508 685 230

88 703 155 744 his
180 703 320 753 modo,
344 708 441 758 post
465 702 557 745 illis
582 709 761 758 apparet
787 703 917 745 Delia
942 703 1066 744 terris

86 762 282 803 exoriens
313 762 443 804 simul
473 768 601 817 atque
630 763 808 812 oadens3
847 762 949 817 quia
978 764 1119 804 fertur
1148 762 1194 803 in
1224 761 1368 803 orbem

85 821 247 863 ventris
274 828 315 863 et
341 821 515 863 acclivis
540 821 703 876 pariter
729 822 911 863 declivia
938 821 1085 875 iungit

85 887 213 935 atque
241 880 349 922 alios
376 887 550 935 superat
577 896 706 934 gyros
733 880 925 936 aliosque
953 880 1175 935 relinquit.

84 954 135 980 ex
169 954 252 995 quo
283 937 509 994 colligitur
542 947 753 981 terrarum
784 941 927 981 forma
960 940 1158 982 rotunda.
1453 956 1504 982 235

85 998 194 1040 hanc
221 998 383 1040 circum
410 999 554 1040 variae
584 1005 732 1053 gentes
761 999 987 1041 hominum
1017 1006 1146 1053 atque
1174 1000 1367 1040 ferarum

85 1057 311 1112 aeriaeque
341 1058 487 1099 colunt
516 1059 719 1100 volucres.
752 1074 850 1113 pars
881 1058 971 1100 eius
1002 1059 1055 1099 ad
1086 1065 1222 1100 arctos

84 1116 258 1166 eminet,
292 1117 500 1158 austrinis
531 1132 629 1172 pars
659 1124 723 1158 est
756 1117 1010 1158 habitabilis
1043 1117 1128 1158 oris

83 1176 160 1216 sub
189 1175 457 1230 pedibusque
485 1175 596 1217 iacet
624 1176 781 1217 nostris
810 1192 1022 1231 supraque
1052 1176 1222 1217 videtur

84 1234 179 1288 ipsa
205 1234 293 1276 sibi
321 1234 503 1276 fallente
532 1235 620 1276 solo
650 1235 833 1276 declivia
862 1236 991 1289 longa
1452 1254 1503 1277 240

82 1300 124 1334 et
151 1293 315 1348 pariter
341 1300 543 1348 surgente
571 1294 642 1335 via
669 1294 916 1349 pariterque
945 1295 1135 1335 cadente.

82 1352 191 1394 hano
213 1353 287 1394 ubi
311 1353 364 1394 ad
388 1368 558 1394 occasus
581 1360 746 1395 nostros
770 1353 830 1395 sol
854 1353 1012 1408 aspicit
1034 1361 1165 1403 ortus,

81 1411 176 1453 11110
205 1418 297 1453 orta
326 1412 418 1454 dies
448 1411 610 1467 sopitas
640 1413 801 1454 excitat
832 1412 956 1454 urbes

81 1477 122 1511 et
147 1485 243 1512 oum
267 1471 360 1512 luce
386 1472 520 1512 refert
544 1487 721 1526 operum
746 1471 996 1513 vadimonia
1021 1473 1169 1516 terris:

79 1544 154 1570 nos
178 1530 224 1570 in
248 1536 369 1571 nocte
393 1546 540 1572 sumus
564 1546 816 1586 somnosque
840 1531 887 1571 in
910 1531 1101 1572 membra
1128 1546 1339 1573 vocamus.
1449 1549 1500 1573 ‘245

80 1596 236 1643 pontus
260 1596 462 1644 utrosque
485 1589 573 1631 suis
595 1590 834 1644 distinguit
857 1596 898 1630 et
922 1591 1078 1644 alligat
1102 1591 1241 1632 undis.

137 1648 217 1689 hoo
244 1663 349 1703 opus
376 1648 578 1690 immensi
606 1656 898 1691 constructum
923 1665 1096 1704 corpore
1125 1649 1276 1691 mundi

82 1707 358 1762 membraque
391 1714 571 1749 naturae
603 1705 773 1750 diversa
807 1708 981 1750 condita
1012 1709 1154 1750 forma

81 1764 189 1807 aeris
217 1772 345 1821 atque
368 1766 485 1821 ignis
509 1772 646 1808 terrae
668 1767 898 1822 pelagique
925 1768 1105 1809 iacentis

79 1824 144 1866 vis
171 1825 340 1867 animae
364 1826 515 1867 divina
541 1827 668 1880 regit,
697 1841 897 1881 sacroque
924 1834 1068 1868 meatu
1450 1846 1502 1869 2510

79 1884 297 1939 conspirat
325 1885 429 1926 deus
457 1892 500 1926 et
527 1885 662 1927 tacita
689 1886 856 1927 ratione
886 1886 1099 1939 gubernat

79 1950 314 1998 mutuaque
346 1944 392 1985 in
424 1950 596 1986 cunctas
628 1944 849 1999 dispensat
879 1945 1055 1986 foedera
1086 1953 1242 2000 partes,

81 2001 216 2044 altera
248 2009 296 2044 ut
327 2002 506 2045 alterius
538 2003 649 2045 vires
679 2004 901 2058 faciatque
933 2004 1147 2060 feratque,

137 2091 195 2118 223
222 2085 418 2119 confundis
445 2089 472 2119 G
499 2085 693 2119 confundit
718 2089 778 2118 ML
866 2085 1019 2130 dempto
1046 2087 1133 2122 Boll
1158 2087 1287 2131 gentes
1316 2089 1340 2119 0
1369 2086 1428 2128 (cf.

77 2142 109 2166 v.
129 2134 217 2175 224)
315 2139 373 2167 226
398 2132 572 2179 volveris]
598 2132 756 2167 volucris
781 2138 806 2167 L
870 2135 1030 2168 versibus
1054 2136 1129 2170 223
1154 2136 1228 2167 224
1255 2135 1327 2167 225
1353 2135 1429 2166 226

79 2180 243 2224 appictae
268 2185 353 2215 sunt
379 2181 518 2216 litterae
544 2192 566 2215 a
592 2181 615 2214 d
642 2192 661 2215 0
686 2180 709 2214 b
735 2182 777 2215 in
795 2185 820 2214 L
930 2188 988 2215 229
1014 2181 1085 2215 toti
1105 2181 1215 2214 ML²G
1240 2182 1318 2214 toto
1338 2179 1382 2212 L¹

78 2232 134 2259 237
162 2227 311 2261 adortos
333 2228 386 2261 M¹
453 2235 510 2262 238
537 2228 609 2262 oris
631 2231 690 2261 m
717 2228 817 2262 horis
838 2231 865 2261 G
927 2236 985 2262 243
1012 2228 1117 2262 orbes
1139 2229 1191 2260 Μ1
1249 2234 1306 2260 245
1334 2237 1428 2260 som—

78 2284 218 2317 nosque
238 2277 298 2308 ML
326 2286 471 2309 somnos
492 2279 520 2309 G
587 2286 757 2309 vocamus
778 2276 906 2310 Bzcrm.
936 2276 1100 2309 locamus
1123 2278 1146 2308 Ο
1198 2281 1255 2308 252
1281 2275 1427 2308 mutua-

79 2331 149 2401 qpte
171 2322 288 2401 Bgntl.
315 2322 434 2356 multa
460 2323 559 2366 quod
579 2323 631 2355 Μι
658 2324 694 2356 et
718 2322 838 2357 multa
857 2322 967 2356 M²LG
1065 2329 1122 2356 253
1150 2321 1268 2356 altera
1294 2322 1429 2367 Fayus

81 2377 102 2401 a
136 2378 175 2401 er
