1627 2517
104 274 156 299 255

107 571 158 595 260

109 865 159 890 265

111 1161 162 1185 250

116 1752 166 1776 250

178 90 231 130 lO
573 89 760 124 MANILII
786 88 1128 124 ASTRONOMICA
1410 88 1487 122 Lib.
1510 87 1525 121 1

178 212 429 253 summaque
462 213 536 252 per
568 198 709 239 varias
742 205 910 239 maneat
943 206 1124 252 cognata
1157 198 1343 251 figuras.

236 272 350 298 nune
375 257 458 298 tibi
483 257 707 311 signorum
732 257 916 298 lut-entis
942 257 1130 312 undique
1156 257 1360 298 flammas

179 315 404 358 ordinibus
431 316 558 358 certis
584 316 783 365 referam,
812 315 1087 371 primumque
1113 327 1320 357 canentur

179 389 286 428 quae
314 375 455 416 media
482 375 657 430 obliquo
683 375 969 430 praecingunt
995 375 1144 417 ordine
1171 375 1379 416 mundum

179 434 395 488 solemque
429 434 608 476 alternis
640 435 807 476 vicibus
839 450 913 489 per
945 442 1135 489 tempora
1169 442 1343 489 portant

179 499 308 547 atque
337 493 425 535 alia
453 494 628 535 adverso
657 493 870 535 luctantia
899 493 1040 535 sidera
1067 493 1251 536 mundo:

181 552 340 602 omnia,
374 567 481 607 quae
513 552 650 607 possis
680 553 796 594 caelo
828 568 1052 594 numerare
1083 567 1252 602 sereno;

178 626 198 651 e
226 610 382 665 quibus
406 620 447 652 et
471 612 582 653 ratio
604 612 797 653 fatorum
824 611 998 653 ducitur
1024 612 1177 661 omnis,

181 679 226 711 ut
254 670 312 712 sit
334 670 451 711 idem
477 671 628 712 mundi
655 671 846 725 primum
872 671 985 725 quod
1010 671 1201 712 eontinet
1227 685 1380 712 arcem.

181 736 331 771 aurato
360 729 560 784 princeps
588 730 720 771 Aries
749 730 795 771 in
824 730 978 771 vellere
1006 730 1184 783 fulgens

182 788 359 842 respicit
389 789 609 830 admirans
638 804 834 830 aversum
863 803 1036 843 surgere
1067 789 1258 830 Taurum

182 848 410 889 summisso
438 848 561 889 vultu
588 847 796 889 Geminos
823 854 866 889 et.
890 849 1035 889 fronte
1062 855 1298 889 vocantem.

182 921 286 961 quos
312 907 508 961 sequitur
532 907 708 956 Cancer,
735 907 949 948 Cancrum
976 907 1074 956 Leo,
1101 907 1237 961 Virgo
1261 905 1463 948 Leonem.

182 973 363 1020 aequato
389 974 481 1007 tum
506 965 644 1007 Libra
669 966 739 1007 die
764 981 861 1008 cum
887 973 1079 1021 tempore
1102 966 1240 1007 noctis

183 1025 366 1066 attrahit
401 1025 571 1066 ardenti
603 1025 851 1079 fulgentem
885 1024 1095 1080 Scorpion
1128 1032 1255 1066 astro.

185 1083 230 1123 in
255 1084 376 1125 cuius
400 1084 581 1125 caudam
605 1091 804 1126 contento
829 1084 984 1138 dirigit
1010 1099 1109 1126 arcu

187 1142 349 1184 mixtus
376 1158 483 1197 equo
510 1143 724 1185 volucrem
751 1143 959 1185 missurus
984 1143 1157 1198 iamque
1185 1143 1407 1197 sagittam.

185 1209 277 1242 tum
307 1202 423 1242 venit
453 1209 637 1256 angusto
666 1202 955 1257 Capricornus
983 1202 1121 1244 sidere
1148 1202 1316 1252 flexus;

185 1269 279 1314 post
311 1261 424 1302 hunc
456 1262 625 1302 inflexa
657 1261 863 1303 defundit
895 1262 1121 1316 Aquarius
1154 1277 1258 1303 urna

187 1319 387 1361 Piscibus
419 1327 608 1361 assuetas
639 1320 764 1361 avide
795 1320 1080 1361 subeuntibus
1112 1320 1261 1386 undas,

186 1393 290 1432 quos
321 1379 452 1420 Aries
485 1379 629 1433 tangit
661 1379 902 1421 claudentis
936 1379 1092 1421 ultima
1123 1379 1261 1433 signa.

247 1444 289 1478 at
318 1453 400 1492 qua
426 1438 643 1491 fulgentis
669 1438 835 1479 caelum
861 1438 1084 1492 consurgit
1111 1415 1187 1479 ad0
1190 1439 1361 1487 Ar‚ct0s

188 1497 331 1537 omnia
360 1511 468 1551 quae
494 1512 660 1538 summo
686 1497 937 1563 despectant
962 1472 1103 1538 sidoera
1130 1498 1303 1541 mundo

186 1570 259 1596 nec
285 1563 442 1597 norunt
464 1555 607 1597 obitus
631 1570 799 1611 unoque
819 1557 865 1597 in
890 1556 1047 1598 vertice
1072 1556 1268 1598 tendunt.

190 1614 234 1655 in
258 1615 428 1656 diversa
452 1615 538 1656 situ
563 1615 814 1670 caelumque
839 1622 882 1656 et
905 1615 1043 1656 sidera
1069 1622 1271 1670 torquens

189 1689 285 1714 aera
307 1689 382 1728 per
405 1674 600 1727 gelidum
624 1675 766 1716 tenuis
788 1674 1016 1716 deducitur
1039 1675 1133 1716 axis

190 1732 483 1787 libratumque
511 1733 627 1787 regit
653 1733 822 1775 diverso
849 1734 1023 1775 cardine
1052 1734 1275 1775 mundum.

248 1866 304 1892 272
331 1859 451 1894 Germ.
479 1862 580 1894 Atat.
602 1861 616 1894 l
638 1864 723 1895 387:
759 1861 947 1895 ‘defundit
973 1861 1159 1905 Aquarius
1186 1861 1321 1895 undas'

248 1972 305 1999 262
332 1971 415 2011 post
440 1967 473 2000 h.
503 1978 547 2000 tu:
586 1967 630 2000 de
658 1967 723 2001 XII
749 1967 868 2013 signis
903 1967 948 2002 de
982 1968 1099 2002 ariete
1124 1971 1149 2000 1.
1191 1967 1236 2001 de
1264 1967 1329 2001 XII
1355 1968 1472 2011 signis
1500 1974 1536 2002 et

191 2014 308 2057 primo
335 2014 380 2047 de
407 2013 523 2048 ariete
550 2017 584 2046 M
609 2015 661 2057 (in
688 2019 749 2049 ms·
877 2022 934 2049 264
962 2026 1130 2049 aversum
1152 2017 1186 2047 M
1212 2015 1408 2049 adversum
1432 2019 1489 2048 LG

189 2067 246 2094 265
273 2062 467 2096 vocantem
487 2061 596 2094 M¹LG
621 2063 816 2096 uocantem
836 2061 888 2094 ΜΞ
979 2069 1034 2096 271
1062 2063 1220 2107 angusto
1239 2065 1296 2096 LG
1323 2064 1481 2107 augusto
1503 2066 1537 2095 Χ

247 2114 305 2141 272
330 2107 465 2142 inflexa
493 2107 665 2142 defundit
690 2109 875 2152 Aquarius
902 2121 995 2144 urna
1020 2113 1055 2142 M
1088 2108 1262 2143 inflexam
1289 2108 1467 2143 diffundit
1495 2111 1534 2143 A.

191 2166 319 2189 urnam
345 2159 402 2189 LG
542 2162 599 2189 274
627 2155 836 2191 claudentis
863 2161 891 2190 G
917 2156 1099 2191 eludentis
1126 2159 1187 2189 ΠΙ.
1314 2163 1372 2190 275
1400 2158 1440 2191 at
1464 2167 1538 2200 qua

191 2202 284 2237 Δδ’σιιῑ.
312 2204 424 2247 atque
450 2206 484 2236 M
509 2203 616 2246 atqui
640 2207 698 2236 LG
765 2203 909 2238 caelum
936 2207 971 2237 Μ
997 2203 1098 2238 caelo
1124 2206 1180 2237 LG
1242 2205 1283 2238 in
1308 2215 1371 2238 m.:
1399 2203 1476 2238 axis
1503 2207 1538 2236 M

192 2249 236 2283 de
263 2260 330 2284 axe
355 2254 380 2284 L
513 2257 572 2284 276
596 2250 734 2285 mundo
763 2254 786 2284 0
820 2250 922 2285 caelo
949 2255 971 2285 c
1104 2257 1159 2284 277
1187 2261 1335 2294 unoque
1360 2254 1416 2284 LG
1446 2250 1538 2285 imo-

192 2308 262 2340 que
294 2300 328 2330 M
389 2297 549 2331 tendunt
574 2297 752 2333 Schrader
777 2300 923 2332 tantum
951 2301 975 2332 0
1072 2305 1131 2332 278
1157 2300 1333 2341 torquens
1359 2297 1540 2333 Schrader

193 2345 366 2388 torquent
393 2347 417 2377 0
515 2351 574 2379 280
599 2345 870 2389 liberatumque
896 2346 940 2378 Ι.ι
