1627 2517
589 83 859 119 PRAEFATIO
1304 83 1405 118 XVII

56 201 146 249 post
165 198 333 249 Vergilii
352 197 543 248 Georgica
568 197 718 235 editum
744 198 802 235 est
812 192 856 249 ¹),
882 209 959 233 non
986 196 1209 246 negandum
1235 197 1294 233 est
1319 196 1401 233 fieri

55 260 242 309 potuisse,
267 260 312 296 ut
331 257 517 295 Manilius
538 256 578 294 id
596 269 737 306 poema
758 257 1011 306 cognosceret
1030 257 1068 292 et
1088 255 1298 293 nonnullas
1319 269 1403 293 ver-

54 318 195 357 borum
219 319 421 356 iuncturas
448 329 494 354 ex
520 328 565 354 eo
591 317 763 354 sumeret
783 311 912 368 (velut
931 314 1060 352 Aetna
1083 316 1184 352 247:
1211 327 1283 362 quo
1302 319 1405 353 vocet

56 377 178 416 Orion
204 379 243 415 et
267 377 371 414 Man.
392 376 428 413 V
450 377 523 414 12:
548 376 637 414 hinc
661 378 771 414 vocat
799 374 935 422 Ori0n3
961 374 1094 413 Aetna
1121 375 1206 413 230
1233 376 1272 412 et
1297 374 1401 411 Man.

54 437 116 474 ΙΠ
138 431 230 489 55),
262 435 329 474 sed
359 435 547 485 pleraque
581 436 760 484 exempla
792 434 1063 472 similitudinis
1091 429 1198 486 (plus
1225 429 1402 485 viginti),

56 508 158 546 quae
183 496 336 534 Aetnae
368 495 497 533 editor
527 494 777 533 doctissimus
809 496 848 531 in
882 494 1138 531 adnotatione
1172 495 1211 530 et
1241 495 1282 530 in
1315 493 1402 542 ipsa

53 555 299 605 praefatione
325 553 382 606 (p.
405 549 479 607 93)
507 554 655 603 attulit,
680 554 779 592 mihi
803 555 931 603 magis
958 553 1064 591 casui
1085 555 1154 590 aut
1175 554 1402 603 cognationi

49 614 210 653 cuidam
244 614 465 653 studiorum
499 626 619 663 quam
652 615 871 651 imitationi
902 614 1101 663 cogitatae
1134 615 1172 650 et
1199 614 1400 661 quaesitae

50 673 264 712 tribuenda
289 685 372 712 esse
397 673 582 712 videntur
608 667 675 725 (cf.
700 673 871 722 Woltjer
895 686 931 722 p.
956 667 1041 725 19).

113 734 268 782 Restat,
300 735 348 771 ut
378 733 425 771 de
457 733 794 782 scriptoribus,
827 733 907 782 qui
932 732 1181 770 Manilium
1213 732 1398 769 imitati

52 794 180 841 sunt,
204 793 396 830 nonnulla
422 792 575 830 addam.
624 792 773 831 Eorum
799 804 983 830 numerus
1009 804 1155 841 parvus
1182 793 1242 829 est
1257 786 1307 843 2),
1339 793 1397 828 ni-

52 854 197 890 mirum
229 853 323 901 quia
354 853 580 902 argumenti
611 852 823 890 difficultas
855 851 1000 889 multos
1034 851 1082 889 ab
1115 851 1400 890 Astronomicis

50 911 227 962 legendis
254 912 456 950 deterruit.
489 911 643 949 Primus
669 911 906 958 Lucanus,
933 911 1170 961 astrologiae
1191 923 1270 949 non
1289 912 1399 949 fasti·

50 970 196 1019 diosus,
222 971 369 1022 quippe
394 976 464 1020 qui
488 972 611 1009 etiam
635 970 789 1021 Nigidii
813 972 961 1019 scripta
986 982 1099 1008 nosse
1126 970 1309 1009 videatur
1334 966 1400 1024 (de

51 1030 155 1068 bello
176 1031 249 1068 civ.
264 1031 283 1068 Ι
299 1031 381 1069 639
392 1026 509 1083 sqq),
528 1030 806 1069 Astronomica
824 1030 966 1080 legisse
988 1042 1026 1068 se
1048 1030 1221 1068 ostendit
1241 1032 1280 1067 et
1296 1044 1398 1069 com-

51 1089 232 1139 pluribus
270 1090 367 1127 locis
381 1084 414 1142 3)
455 1090 765 1128 conformatione
805 1089 975 1138 quadam
1010 1089 1220 1127 verborum
1257 1090 1399 1137 utitur,

51 1161 152 1198 quae
180 1161 314 1187 versus
332 1148 571 1187 Manilianos
595 1150 637 1187 in
657 1150 888 1186 memoriam
907 1151 1085 1186 nostram
1105 1148 1272 1198 redigat.
1304 1149 1400 1187 Post

50 1220 139 1246 eum
164 1208 411 1246 Iuvenalis
439 1203 514 1261 (IX
536 1202 610 1260 32)
636 1210 773 1246 notum
799 1208 900 1245 illud
925 1208 1031 1245 fata
1049 1209 1222 1258 regunt
1242 1208 1399 1246 orbem

49 1265 173 1319 (Man.
193 1267 252 1304 IV
274 1262 348 1320 14)
383 1266 432 1305 ab
465 1267 662 1305 oblivione
694 1267 898 1306 hominum
931 1267 1148 1306 vindicavit
1182 1264 1249 1319 (cf.
1277 1268 1399 1306 etiam

49 1325 132 1364 Iuv.
153 1327 188 1364 X
212 1327 292 1365 175
304 1339 388 1376 sqq.
420 1327 587 1376 (Mayor)
619 1329 659 1365 et
684 1327 788 1364 Man.
809 1326 828 1364 I
850 1327 953 1374 7763
987 1327 1070 1365 Iuv.
1092 1328 1127 1365 X
1150 1328 1231 1365 257
1243 1340 1326 1377 sqq.
1360 1330 1397 1366 et

48 1385 153 1423 Man.
170 1385 227 1424 IV
248 1380 429 1438 45sqq.).
461 1386 582 1424 Porro
601 1386 859 1426 inveniuntur
877 1399 1004 1436 pauca
1024 1387 1259 1426 imitationis
1280 1389 1397 1426 vesti-

50 1446 117 1496 gia
161 1445 266 1494 apud
308 1441 713 1498 Nemesianum4),
758 1440 1141 1499 Claudianum5),
1186 1446 1397 1485 Dracon-

47 1499 215 1558 tiumfl)
265 1504 446 1555 Denique
481 1506 636 1544 saeculo
675 1508 816 1555 quarto
852 1519 888 1554 p.
917 1504 1005 1543 Chr.
1032 1519 1067 1544 n.
1105 1506 1260 1545 Iulius
1292 1507 1396 1545 Fir-

48 1565 194 1602 micus
221 1564 482 1613 Maternus,
508 1565 702 1614 spoliator
726 1567 854 1616 magis
880 1578 999 1614 quam
1024 1566 1206 1604 imitator
1230 1567 1397 1614 Manilii,

47 1623 89 1660 in
114 1623 334 1662 Matheseos
367 1624 469 1662 libro
505 1627 644 1663 octavo
680 1638 750 1674 per
782 1625 922 1675 longas
955 1625 1141 1675 ambages
1175 1627 1214 1663 et
1239 1626 1396 1665 inflatos

49 1682 220 1721 ambitus
252 1684 444 1722 orationis
476 1683 628 1722 solutae
653 1684 809 1722 Manilii
840 1684 987 1722 librum
1019 1686 1200 1734 quintum
1233 1685 1280 1723 de
1307 1687 1396 1724 ortu

48 1741 221 1780 siderum
252 1755 352 1792 quae
386 1741 723 1795 παρανατέλλοντα
755 1745 948 1782 vocantur
972 1740 1147 1782 reddidit
1162 1739 1195 1795 7)
1223 1746 1394 1783 auctoris

46 1802 204 1839 nomine
224 1813 433 1852 suppresso
442 1797 476 1853 ⁸)
498 1802 727 1851 addiditque
748 1803 795 1840 de
816 1816 885 1842 suo
906 1816 964 1851 ea,
991 1816 1091 1853 quae
1113 1804 1162 1841 ad
1183 1805 1396 1843 eorundem

108 1916 140 1957 1)
167 1914 350 1959 Sudhaus,
378 1916 511 1958 Aetna,
536 1916 651 1960 praef.
678 1928 713 1961 p.
735 1920 792 1951 83.

106 1962 140 2005 2)
167 1961 260 2005 Boll,
290 1962 394 1997 Stud.
419 1965 454 1998 ii.
482 1962 534 1998 Cl.
560 1963 665 2006 Ptol„
691 1976 726 2008 p.
749 1967 827 2007 219,
846 1968 876 1998 3.

105 2010 138 2053 3)
165 2009 312 2052 Hosius,
338 2010 470 2045 Rhein.
497 2011 589 2046 Mus.
618 2014 662 2046 48
690 2013 820 2057 (1893),
847 2024 883 2057 p.
906 2016 1061 2058 393sqq.

104 2058 139 2098 4)
166 2057 210 2092 cf.
235 2057 334 2092 Man.
354 2057 370 2092 I
390 2061 470 2093 760.
615 2061 649 2103 5)
675 2059 767 2102 Birt,
794 2061 910 2104 praef.
936 2073 971 2105 p.
994 2060 1094 2097 CCII.

104 2106 138 2147 6)
163 2103 346 2150 Rossberg‚
372 2105 425 2139 Fl.
452 2106 578 2141 Jahrb.
601 2110 667 2140 119
694 2108 827 2152 (1879),
853 2119 888 2152 p.
910 2112 978 2142 476
1005 2109 1116 2154 (Man.
1137 2109 1152 2143 I
1173 2111 1266 2153 800).

106 2152 141 2195 7>
165 2151 261 2195 Bon,
288 2152 464 2197 Sphaera,
491 2165 528 2197 p.
551 2157 750 2189 394—411.

105 2200 139 2242 8)
174 2199 255 2234 Uno
289 2201 435 2234 tantum
470 2200 550 2235 loco
586 2200 685 2246 (VIII
702 2206 733 2244 6,
751 2203 784 2246 7)
818 2202 1013 2237 Manilium
1048 2205 1145 2238 tecte
1182 2203 1392 2248 significare

44 2244 205 2281 videtur:
246 2246 300 2280 ‘in
331 2247 466 2282 Arietis
502 2250 609 2293 parte
640 2249 741 2284 XXX
767 2277 774 2284 .
799 2278 804 2284 .
829 2278 863 2284 ..
892 2251 1055 2285 exoritur
1093 2250 1230 2295 Capra,
1279 2262 1391 2295 quam

43 2291 245 2327 fabulosi
270 2296 431 2339 poetae
457 2295 636 2330 alimenta
662 2296 791 2331 volunt
814 2297 892 2332 Iovi
912 2298 1136 2332 immulsisse
1156 2298 1390 2341 nutricia',

45 2349 202 2382 quocum
230 2342 275 2375 cf.
301 2341 399 2376 Man.
420 2341 454 2376 V
474 2346 552 2378 132.

116 2405 238 2431 Manilii
251 2406 465 2432 Astronomica
479 2408 523 2433 ed.
538 2416 609 2433 van
624 2410 894 2442 Wageningen
1154 2404 1177 2436 b
