1627 2517
77 116 109 139 v,
130 107 316 139 437—489
475 103 663 137 MANILII
690 102 1033 137 ASTRONOMICA
1370 103 1424 143 91

78 211 238 266 incipit
267 227 290 252 a
319 218 440 253 sexta
469 218 640 266 tempus
669 211 896 266 procedere
925 218 1048 265 parte

75 270 332 321 dividuum;
375 271 602 326 duplicant
635 270 746 312 vires
782 270 1003 311 haerentia
1040 270 1180 325 signa,

78 330 321 384 ultimaque
348 337 543 385 acceptas
568 329 810 384 triplicant.
846 329 910 371 ita
937 345 1105 371 summa
1131 330 1283 371 diebus

78 389 290 439 redditur,
323 396 531 444 aequatae
562 389 789 431 solvuntur
819 390 998 430 faenore
1029 396 1187 437 noctes,

78 464 226 490 rursus
252 455 293 490 et
318 448 540 503 incipiunt
566 448 742 503 propria
769 449 821 489 de
849 456 960 490 sorte
985 449 1137 490 diebus

79 508 225 549 cedere
251 508 419 549 diversa
445 508 637 549 labentia
664 514 859 562 tempora
886 508 993 561 lege.

77 581 264 621 namque
289 566 421 608 Aries
446 567 629 608 totidem
656 567 831 608 deducit
858 567 1057 609 noctibus
1084 567 1223 617 horas,

78 632 182 680 quot
202 626 325 680 prius
345 625 614 668 abstulerant
635 625 811 681 proprio
833 627 911 668 sub
932 627 1108 668 nomine
1128 626 1287 668 Pisces.

79 685 182 727 hora
204 685 334 727 datur
357 686 514 736 Tauro,
539 686 846 741 cumulentque
872 692 918 727 ut
943 687 1101 727 damna
1123 686 1283 741 priora,

77 744 312 786 dimidiam
341 744 590 799 adiungunt
617 745 810 787 Gemini.
850 745 910 786 sic
940 745 1096 787 ultima
1125 745 1281 800 primis

78 804 339 858 respondent
366 804 617 859 pariterque
645 804 750 854 illis,
782 820 891 860 quae
918 805 1119 860 proxima
1147 805 1338 859 fulgent,

78 869 120 904 et
151 863 295 904 ffi'e‘dia
326 863 524 918 aequatis
555 870 782 909 censentur
814 860 981 905 viribus
1013 870 1129 905 astra

78 922 419 977 praecipuosque
448 930 606 977 gerunt
634 923 844 965 varianda
874 924 927 965 ad
958 930 1152 978 tempora
1182 930 1338 965 motus.

79 981 157 1022 hac
181 981 273 1023 vice
296 981 526 1024 discedunt
550 989 694 1024 noctes
719 983 772 1024 ad
799 983 941 1024 sidera
966 983 1143 1024 brumae

79 1040 379 1096 tollunturquc
404 1041 499 1083 dies
526 1041 716 1096 annique
743 1042 979 1084 invertitur
1007 1042 1136 1092 orbis,

78 1100 319 1142 solstitium
350 1100 465 1142 tardi
497 1116 595 1142 cum
626 1101 687 1143 fit
719 1101 797 1143 sub
830 1102 967 1143 sidere
999 1102 1181 1152 Cancri;

79 1165 266 1214 tuncque
287 1159 406 1200 diem
428 1160 605 1202 brumae
628 1175 712 1202 nox
736 1168 906 1215 aequat,
931 1167 1126 1215 tempora
1148 1161 1287 1203 noctis

79 1218 211 1272 longa
238 1218 331 1260 dies
359 1218 604 1274 similisque
632 1219 759 1269 redit,
790 1235 920 1274 quam
949 1227 1139 1262 creverat
1166 1227 1278 1262 actu.

138 1278 218 1319 illa
239 1278 371 1320 etiam
392 1279 554 1333 poterit
573 1294 751 1320 nascens
772 1279 842 1320 via
863 1280 1017 1321 ducere
1036 1280 1088 1321 ad
1110 1286 1290 1329 astrum,

80 1337 194 1391 quod
222 1337 480 1392 quandoque
506 1338 629 1379 vadis
657 1338 862 1380 emissum
891 1339 1088 1380 redditur
1116 1338 1223 1380 orbi.

79 1411 180 1437 nam
209 1402 340 1451 quota
368 1397 426 1438 sit
453 1397 577 1447 lucis,
608 1397 644 1439 si
673 1398 767 1439 luce
794 1397 1047 1453 requiritur,
1078 1398 1195 1448 hora,

79 1455 264 1510 aspicies
287 1462 416 1511 atque
441 1457 553 1498 hunc
577 1472 805 1499 numerum
830 1453 1049 1499 revocabis
1072 1457 1120 1499 in
1143 1458 1286 1513 ipsum

81 1514 381 1570 multiplicans
406 1515 575 1557 deciens
600 1516 779 1558 adiectis
805 1517 980 1572 insuper
1006 1517 1143 1558 eidem

80 1573 274 1629 quinque
300 1580 446 1616 tamen
473 1575 668 1625 summis,
697 1576 800 1630 quia
826 1576 1131 1630 qualicumque
1159 1576 1236 1618 sub
1264 1577 1366 1618 hora

81 1639 145 1674 ter
174 1633 330 1687 quinas
360 1634 513 1674 mundi
544 1649 586 1675 se
617 1635 834 1676 extollunt
864 1635 1006 1676 sidera
1035 1642 1192 1689 partes.

141 1744 198 1770 472
225 1736 346 1771 Germ.
374 1738 475 1772 Arat.
497 1739 511 1771 I
532 1743 616 1772 335:
646 1739 808 1782 ‘proprio
836 1739 903 1772 sub
930 1739 1094 1773 nomine’

141 1839 200 1865 466
225 1831 420 1876 duplicant
439 1832 534 1868 Scal.
560 1833 755 1877 triplicant
775 1837 799 1867 0
859 1833 1054 1869 haerentia
1075 1835 1161 1881 Rey.
1190 1835 1336 1870 arentia
1358 1838 1381 1868 0

80 1886 138 1912 467
166 1878 361 1923 triplicant
380 1880 472 1915 Seal.
502 1880 698 1924 duplicant
718 1884 742 1914 0
840 1888 994 1915 468-469
1019 1884 1060 1917 in
1081 1886 1104 1916 0
1126 1887 1211 1928 post
1230 1885 1299 1917 474
1325 1884 1428 1918 collo-

82 1930 178 1962 catos
203 1927 273 1962 huc
296 1929 474 1962 revocavit
494 1929 613 1962 Bentl.
723 1935 782 1961 470
807 1928 978 1963 labantia
996 1929 1041 1963 Ι.1
1161 1937 1219 1964 472
1246 1932 1337 1973 quot
1355 1930 1430 1963 L2G

81 1974 181 2017 quod
201 1974 282 2007 ΡΜ
396 1981 454 2008 473
480 1975 744 2019 cumulentque
764 1976 857 2010 Scal.
885 1977 1121 2021 cumuletque
1142 1980 1166 2011 Ο
1283 1984 1341 2011 474
1368 1988 1430 2021 ge-

82 2020 174 2055 mini
195 2025 222 2055 G
247 2021 405 2066 geminis
425 2026 485 2056 ML
559 2029 617 2056 478
643 2022 712 2056 hac
732 2022 805 2056 L²G
829 2023 922 2058 haec
934 2024 1015 2057 L¹M
1065 2024 1295 2059 descendunt
1310 2025 1429 2059 Bentl.

130 2079 152 2102 a
178 2068 298 2103 sidere
318 2069 411 2104 Scal.
509 2076 566 2103 482
594 2069 781 2114 similique
802 2070 893 2105 Scal.
958 2073 1082 2117 quam]
1113 2084 1186 2115 quo
1208 2073 1294 2118 Rey.
1347 2076 1431 2115 post

81 2115 114 2149 h.
134 2127 183 2150 v.:
211 2115 381 2150 alteratio
406 2116 618 2151 inveniendi
644 2117 772 2151 horam
793 2121 828 2150 M
859 2117 977 2152 altera
1003 2119 1098 2154 ratio
1125 2119 1338 2153 inveniendi
1364 2118 1430 2153 ho-

82 2172 161 2196 ram
183 2166 210 2196 G
235 2163 289 2207 (in
314 2175 359 2198 m.
379 2166 419 2201 L>
504 2171 562 2198 483
589 2166 755 2198 austrum
776 2168 800 2197 L
885 2172 940 2198 487
969 2166 1224 2210 multiplicans
1245 2170 1280 2199 M
1304 2165 1430 2200 multi-

83 2209 232 2254 plicatis
253 2213 278 2243 L
312 2210 553 2257 multiplicas]
571 2216 598 2245 G
695 2211 817 2247 decies
839 2213 932 2247 Bon.
969 2213 1102 2249 decens
1123 2217 1182 2246 ML
1220 2213 1336 2258 decess
1357 2217 1383 2246 G

80 2257 201 2291 eidem
220 2257 314 2293 Scal.
341 2257 475 2292 iisdem
496 2263 523 2292 G
547 2259 693 2293 hisdem
713 2262 774 2292 ML
800 2259 940 2294 eisdem
961 2261 1027 2296 Br.
1106 2267 1165 2294 488
1194 2261 1347 2294 summis
1367 2264 1431 2294 Μῦν

77 2315 241 2338 summus
261 2305 305 2338 L1
331 2306 445 2339 sumis
464 2306 509 2339 12²
666 2313 723 2340 489
751 2317 788 2341 se
816 2307 999 2341 extollunt
1018 2309 1131 2343 Jacob
1159 2318 1221 2341 sex
1247 2307 1385 2342 tollunt
1406 2311 1430 2342 0

83 2362 121 2385 se
146 2351 286 2386 tollunt
305 2352 397 2387 Scal.

1447 229 1498 254 465

1447 525 1500 549 470

1448 821 1500 846 475

1449 1117 1501 1142 480

1449 1414 1501 1439 485
