1627 2517
87 78 124 100 v.
146 70 332 100 661-713
488 65 676 99 MANtLH
702 63 1043 100 ASTRONOMICA
1383 63 1436 103 61

92 173 205 229 ipsis
231 174 339 215 dant
366 172 484 215 fines
513 171 641 214 astris
671 172 936 227 capiuntque
965 170 1170 212 vicissim.

92 248 204 288 quae
231 232 343 274 mihi
370 247 470 274 mox
497 237 612 273 certo
640 230 812 285 digesta
839 230 917 272 sub
946 230 1096 272 ordine
1124 236 1317 283 surgent.
1461 247 1512 272 δυο

92 292 296 334 omnibus
321 307 373 333 ex
396 291 496 333 istis
520 290 633 332 ratio
660 297 723 332 est
747 290 981 345 repetenda
1006 305 1081 344 per
1107 296 1258 339 artem,
1421 295 1428 301 '

93 358 250 407 pacata
273 351 450 393 infestis
474 350 602 404 signa
628 356 676 393 ut
701 349 942 405 perdiscere
965 349 1115 404 possis.

153 410 349 466 perspice
381 424 495 451 nunc
530 415 704 451 tenuem
739 408 835 451 visu
871 424 974 458 rem,
1010 409 1197 463 pondere
1233 423 1437 462 magnam

93 475 137 511 et
167 476 340 511 tantum
371 469 508 511 Graio
540 468 707 523 signari
740 468 916 510 nomine
947 483 1132 523 passam,

92 529 441 571 dodecatemoria
469 528 519 569 in
549 529 682 570 titulo
713 527 938 582 signantia
969 543 1132 569 causas.
1462 543 1513 567 52⁴5

93 603 196 630 nam
226 603 323 630 cum
355 588 541 629 tricenas
571 603 648 642 per
678 585 818 642 partis
849 587 990 629 sidera
1022 593 1231 636 constent,

94 662 242 689 rursus
264 647 332 689 bis
354 646 467 689 senis
490 662 696 689 numerus
719 646 943 688 diducitur
966 647 1118 688 omnis.

95 706 192 762 ipsa
218 706 359 761 igitur
386 706 499 748 ratio
527 706 651 748 binas
679 706 726 747 in
752 706 953 761 partibus
981 721 1068 747 esse

93 765 391 821 dimidiasque
416 766 541 807 docet
568 773 726 820 partes.
767 765 834 807 his
862 765 1033 808 finibus
1062 780 1150 807 esse

93 825 492 867 dodecatemorium
514 831 698 875 constat,
725 824 791 867 bis
817 840 1004 880 senaque
1030 831 1183 866 cuncta
1465 839 1516 864 τοο

97 884 298 926 omnibus
321 884 368 926 in
393 885 546 938 signis,
573 899 688 939 quae·
707 884 861 926 mundi
885 885 1082 926 conditor
1106 884 1182 925 ille

91 943 298 985 attribuit
334 944 518 985 totidem
554 959 732 985 numero
768 943 1047 998 fulgentibus
1082 944 1223 992 astris,

96 1009 145 1044 ut
169 1002 331 1044 sociata
354 1003 501 1044 forent
527 1002 695 1044 alterna
721 1002 863 1044 sidera
887 1009 1014 1052 sorte,

96 1068 139 1103 et
161 1061 322 1103 similis
345 1061 429 1103 sibi
453 1062 640 1104 mundus
664 1069 705 1103 et
728 1062 874 1103 omnia
897 1061 943 1102 in
967 1061 1168 1103 omnibus
1191 1069 1320 1109 astra,

96 1136 281 1176 quorum
312 1120 519 1162 mixturis
550 1127 718 1174 regeret
750 1121 977 1162 concordia.
1009 1136 1175 1175 corpus,
1465 1138 1515 1162 705

97 1186 139 1221 et
162 1180 301 1221 tutela
322 1180 438 1221 foret
462 1180 682 1221 communi
706 1186 858 1221 mutua
882 1195 1022 1221 causa.

98 1239 260 1281 idcirco
292 1254 556 1294 quamquam
589 1239 729 1293 signis
762 1246 994 1281 nascantur
1028 1240 1202 1289 eisdem,

97 1298 289 1340 diversos
320 1299 517 1340 referunt
548 1314 686 1340 mores
717 1298 987 1353 inimicaque
1018 1305 1139 1348 vota;

98 1363 140 1399 et
156 1372 282 1412 saepe
298 1357 346 1398 in
362 1358 545 1412 pecudes
563 1365 676 1399 errat
693 1365 864 1407 natura,
884 1373 1132 1413 maremque

97 1416 266 1458 femina
296 1416 597 1472 subsequitum
636 1417 873 1459 miscentur
903 1417 1043 1459 sidere
1073 1424 1237 1472 partus,
1466 1434 1516 1458 710

98 1475 275 1530 singula
301 1476 458 1518 divisis
487 1477 659 1518 variant
689 1477 803 1532 quod
834 1477 1033 1531 partibus
1062 1483 1180 1518 astra

97 1535 458 1578 dodecatemoriis
484 1536 685 1590 proprias
715 1536 934 1579 mutantia
965 1536 1089 1577 vires.

98 1609 212 1636 nunc
235 1601 340 1649 quot
363 1595 452 1636 sint
475 1595 684 1650 cuiusque
707 1611 873 1645 canam,
898 1611 1033 1650 quove
1058 1595 1208 1636 ordine
1230 1601 1441 1644 constent,

156 1705 215 1732 695
241 1698 287 1733 cf.
313 1699 424 1734 Firm.
443 1699 476 1733 11
497 1703 552 1742 13,
572 1704 662 1734 1-—2

153 1800 213 1827 689
237 1793 346 1839 ipsis]
373 1804 417 1828 ex
441 1793 533 1838 ipsis
552 1797 587 1826 M
611 1794 741 1839 iae'a'jsfpsis
760 1799 785 1828 1.
870 1801 930 1828 690
953 1806 1039 1829 mox
1060 1796 1159 1829 certo
1180 1806 1245 1829 om.
1267 1798 1302 1827 M
1327 1795 1446 1838 spatio

96 1841 218 1876 relicto
237 1851 361 1876 novem
381 1842 585 1876 litterarum
656 1848 715 1875 692
739 1843 876 1886 pacata
897 1846 924 1876 G
948 1844 1123 1886 pacatam
1143 1845 1204 1875 ML
1254 1841 1399 1876 infestis
1420 1845 1446 1875 G

96 1888 245 1923 infectis
264 1891 289 1921 Ι,
314 1887 477 1923 inferens
496 1892 531 1922 M
591 1888 815 1934 perdiscere]
841 1889 1058 1933 dignoscere
1083 1891 1267 1935 Pinyreus
1325 1889 1445 1934 possis

97 1939 155 1969 LG
185 1935 307 1980 poscis
326 1938 362 1968 M
404 1940 491 1980 post
513 1937 545 1970 h.
567 1947 615 1970 v.=
652 1936 697 1970 de
729 1936 914 1970 duodeeat
945 1947 990 1970 ne
1022 1937 1150 1971 moriis
1182 1936 1445 1980 (duodecathe-

98 1982 225 2016 moriis
243 1984 283 2028 1.)
309 1993 405 2026 quae
426 1983 500 2017 sint
519 1984 557 2017 et
576 1994 667 2027 quas
687 1982 781 2017 vires
802 1983 943 2018 habent
962 1987 997 2016 Μ
1022 1985 1077 2028 (in
1096 1996 1140 2018 m.
1161 1986 1200 2028 L)
1285 1991 1344 2017 694
1371 1984 1447 2028 sig-

98 2040 188 2064 nare
207 2030 251 2063 11¹
322 2040 473 2074 passam
493 2034 521 2064 G
544 2042 696 2075 passum
714 2031 796 2064 L¹M
819 2031 961 2075 passim
980 2031 1024 2064 1.²
1138 2038 1196 2065 695
1224 2031 1446 2066 duodecate-

99 2076 218 2111 moria
238 2080 262 2110 0
310 2077 422 2112 titulo
441 2077 536 2113 Scal.
561 2078 692 2113 titulos
714 2081 737 2111 0
834 2085 894 2112 690
920 2089 986 2113 om.
1008 2083 1035 2112 G
1141 2085 1198 2112 700
1225 2078 1447 2112 duodecate-

100 2124 257 2158 morium
279 2127 302 2158 0
418 2126 565 2159 constat
584 2127 679 2160 Bon.
716 2127 888 2160 constant
909 2129 932 2159 0
1097 2133 1154 2160 702
1180 2136 1332 2159 numero
1359 2126 1446 2170 Rey.

98 2182 271 2205 numeros
290 2174 326 2205 M
349 2172 511 2207 numeris
531 2177 586 2206 LG
684 2179 740 2206 703
766 2173 822 2219 ut]
844 2175 881 2208 et
901 2177 929 2207 G
1026 2181 1083 2207 709
1110 2174 1207 2207 errat
1226 2172 1299 2206 L2G
1325 2174 1449 2206 errant

100 2218 180 2251 ΡΜ
274 2220 409 2253 natura
429 2219 539 2253 LGM²
569 2222 718 2254 matura
737 2221 790 2253 M¹
947 2228 1002 2255 710
1034 2221 1153 2255 sidere
1173 2224 1199 2253 F
1232 2219 1355 2254 sidera
1376 2223 1399 2253 0

101 2272 156 2299 712
182 2265 568 2310 duodecat(h)emoriis
590 2271 614 2301 0
737 2275 792 2301 713
818 2270 908 2312 quot
931 2268 1076 2304 Garrod
1102 2267 1202 2311 quod
1222 2270 1257 2300 M
1283 2267 1372 2310 quid
1393 2270 1449 2300 LG

149 2313 224 2347 sint
242 2316 285 2359 V¹
316 2313 365 2347 sit
385 2317 408 2346 0
459 2315 628 2349 constent
649 2318 670 2347 c
697 2316 870 2349 constant
889 2319 914 2349 L
941 2316 1086 2350 constet
1106 2318 1169 2348 ΜΘ
