1627 2517
124 260 176 285 130

121 850 174 875 140

120 1146 170 1170 145

118 1441 169 1466 150

193 75 251 116 40
590 74 779 108 MANILII
805 73 1147 109 ASTRONOMICA
1412 74 1490 108 Lib.
1513 71 1543 106 11

195 183 266 224 sed
295 198 346 223 ne
374 182 558 224 circuitu
586 182 717 236 longo
743 181 979 223 manifesta
1006 181 1255 236 probentur,

196 241 289 296 ipsa
321 242 438 283 fides
470 241 588 296 operi
621 241 755 283 faciet
785 241 1037 296 pondusque
1068 240 1305 296 fidemque.

193 316 294 342 nam
320 316 457 355 neque
485 300 702 355 decipitur
728 300 841 342 ratio
867 315 942 341 1100
969 300 1131 354 decipit
1159 315 1388 354 umquam;

193 359 274 401 rite
299 360 515 414 sequenda
538 360 607 400 via
633 366 695 401 est
717 374 765 401 ac
787 359 900 401 veris
921 358 1086 400 credita
1109 359 1261 408 causis,

195 426 454 474 eventusque
486 419 628 468 datur,
663 418 804 474 qualis
834 418 1102 473 praedicitur
1133 426 1245 460 ante.

196 478 309 533 quod
334 478 513 520 fortuna
539 486 683 520 ratum
710 477 860 528 faciat,
887 477 985 533 quis
1011 477 1152 519 dicere
1177 478 1339 519 falsum

141 557 156 580 3
195 537 352 579 audeat
372 544 415 579 et
434 544 581 579 tantae
602 537 823 591 suffragia
842 537 1011 578 vincere
1032 534 1160 578 sortis
1178 538 1195 576 Ρ

194 596 296 637 11300
319 611 398 650 ego
421 596 571 638 divino
594 596 768 651 cupiam
790 611 886 637 cum
910 596 964 637 ad
987 596 1128 637 sidera
1149 596 1265 638 flatu

192 656 320 705 ferre,
343 671 418 697 nec
441 656 488 696 in
510 656 637 697 turba
659 671 733 696 nec
756 656 906 697 turbae
925 655 1119 696 carmina
1141 655 1335 705 condam,

194 714 266 755 sed
290 715 404 756 solus
428 729 559 756 vacuo
582 714 718 756 veluti
739 721 931 756 vectatus
955 714 1001 755 in
1024 714 1124 755 orbe

193 773 303 815 liber
333 788 461 828 agam
491 788 653 823 currus,
684 789 768 815 non
798 773 1121 815 occursantibus
1151 773 1252 814 ullis

194 848 269 874 nec
293 848 369 887 per
393 832 476 874 iter
501 832 636 874 socios
660 847 884 875 commune
910 832 1162 887 gerentibus
1186 839 1318 882 actus,

193 892 266 933 sed
291 892 407 933 caelo
433 892 644 933 noscenda
670 907 820 933 canam
845 891 1108 933 mirantibus
1133 891 1261 933 astris

193 958 234 992 et
261 951 477 1005 gaudente
504 950 571 992 sui
599 951 759 992 mundo
782 966 860 1006 per
886 951 1080 992 carmina
1106 949 1231 1001 vatis,

193 1010 259 1051 vel
288 1009 445 1065 quibus
475 1010 552 1051 illa
583 1025 721 1052 sacros
749 1025 833 1052 non
863 1009 1057 1051 invidere
1087 1016 1253 1051 meatus

192 1069 483 1124 notitiamque
506 1069 588 1119 sui,
613 1069 796 1110 minima
820 1076 884 1110 est
906 1084 1014 1124 quae
1038 1069 1164 1110 turba
1186 1084 1261 1124 per
1285 1069 1452 1110 orbem:

192 1127 271 1169 illa
293 1128 415 1178 fluit,
440 1143 549 1183 quae
573 1128 766 1178 divitias,
791 1143 898 1183 quae
922 1128 1075 1182 diligit
1097 1143 1263 1177 aurum,

191 1187 376 1242 imperia
401 1194 443 1229 et
467 1188 605 1229 fasces
630 1188 890 1242 mollemque
913 1203 988 1242 per
1013 1186 1102 1229 otia
1126 1188 1279 1229 luxum

192 1253 233 1288 et
256 1246 427 1288 blandis
451 1247 628 1288 adversa
651 1247 766 1288 sonis
788 1246 1041 1301 dulcemque
1064 1262 1140 1301 per
1162 1261 1284 1288 aures

191 1305 420 1355 affectum,
444 1313 492 1347 ut
513 1305 681 1347 modico
703 1306 914 1347 noscenda
935 1305 989 1347 ad
1010 1306 1106 1347 fata
1125 1305 1282 1347 labore.

193 1364 269 1406 hoc
303 1379 472 1419 quoque
504 1365 697 1406 fatorum
731 1372 807 1414 est,
840 1365 980 1418 legem
1014 1364 1253 1419 perdiscere
1286 1364 1386 1406 fati.

250 1430 289 1464 et
311 1423 501 1478 primum
522 1430 736 1464 astrorum
757 1424 877 1465 varia
896 1430 957 1464 est
979 1430 1135 1465 natura
1153 1424 1344 1465 notanda

191 1482 456 1524 carminibus
477 1498 551 1537 per
572 1490 802 1537 utrumque
824 1497 971 1536 genus.
1000 1497 1101 1523 nam
1121 1482 1312 1524 mascula
1330 1497 1402 1524 sex
1423 1494 1536 1531 sunt,

190 1541 350 1583 diversi
375 1541 559 1583 totidem
584 1541 754 1595 generis
779 1542 856 1584 sub
878 1541 1076 1596 principe
1101 1542 1257 1583 Tauro.

190 1600 326 1642 cernis
349 1608 397 1642 ut
416 1616 588 1643 aversus
609 1602 826 1643 redeundo
846 1608 996 1655 surgat
1018 1601 1064 1642 in
1084 1616 1230 1642 arcum
1248 1602 1265 1640 Ρ

246 1688 389 1725 150sqq.
417 1681 462 1715 cf.
491 1681 598 1715 Firm.
621 1682 651 1716 II
674 1686 781 1723 11,1;
808 1680 839 1715 Π
862 1685 926 1723 1,3

245 1757 302 1784 130
327 1754 537 1796 pontusque
557 1755 591 1784 M
687 1758 743 1785 132
770 1752 958 1796 sequenda
978 1753 1110 1798 Fayus
1142 1753 1305 1787 secunda
1325 1756 1349 1786 0
1377 1752 1538 1787 secanda

187 1798 281 1834 Scal.
375 1805 431 1832 184
457 1802 580 1833 13111111
601 1799 716 1833 faciat
734 1799 807 1834 1.(ἲι2
832 1799 948 1834 faciat
965 1801 1089 1834 ratum
1109 1803 1144 1833 M
1167 1802 1290 1834 ratum
1311 1799 1426 1834 faciet
1445 1801 1489 1833 G¹

186 1852 242 1879 185
268 1845 374 1880 fortis
395 1849 429 1878 M
510 1853 566 1879 136
592 1845 683 1880 flatu
702 1850 759 1880 LG
783 1847 914 1881 flatum
933 1851 968 1881 M
993 1847 1070 1882 fato
1092 1851 1113 1881 c
1192 1854 1246 1880 13⁷
1275 1847 1313 1880 in
1338 1847 1449 1881 turba
1469 1848 1534 1882 Br.

186 1892 224 1926 in
250 1892 399 1927 turbam
421 1896 444 1926 0
501 1894 682 1939 earmina]
709 1894 871 1929 carmine
891 1895 934 1928 L¹
990 1895 1148 1929 condam
1169 1898 1196 1928 G
1220 1894 1407 1938 quondam
1427 1896 1487 1927 ML

185 1946 241 1974 188
268 1941 437 1974 vectatur
455 1940 499 1973 L²
596 1947 652 1974 139
678 1941 772 1975 liber
798 1952 908 1986 agam
935 1953 1060 1976 currus
1082 1942 1200 1977 Bentl.
1228 1941 1343 1975 ubera
1361 1943 1437 1975 tam
1457 1953 1535 1976 cur-

185 1999 247 2021 rus
267 1987 346 2020 ML¹
372 1987 543 2022 umbrato
571 2000 678 2022 curru
698 1988 772 2022 L²G
796 1989 931 2024 librato
958 2000 1064 2023 curru
1085 1990 1150 2024 Br.
1231 1988 1331 2033 ullis]
1357 1988 1434 2022 illis
1454 1992 1488 2021 M

185 2041 242 2068 140
267 2045 333 2079 per
351 2034 436 2080 iter]
457 2034 551 2080 ptim
572 2038 606 2068 M
701 2042 755 2069 141
783 2036 969 2070 nascenda
989 2040 1023 2069 M
1071 2035 1292 2070 mirantibus
1311 2035 1385 2068 L²G
1409 2037 1536 2079 tyran-

185 2081 286 2116 tibus
304 2083 498 2126 (mutatum
516 2083 558 2116 in
576 2082 811 2128 gyrantibus)
829 2084 872 2116 L¹
896 2082 1112 2118 rexantibus
1131 2086 1167 2116 M
1261 2089 1317 2116 148
1343 2081 1414 2128 vel]
1440 2085 1482 2117 ut,
1501 2085 1536 2116 M

232 2130 390 2174 meatus]
417 2129 551 2164 meatis
571 2133 606 2162 M
725 2137 779 2163 147
807 2130 975 2176 adversa]
1002 2130 1148 2165 diversa
1167 2130 1261 2166 Scal.
1376 2137 1433 2164 149
1451 2134 1536 2174 post

186 2177 218 2211 h.
240 2188 291 2211 zu:
328 2187 424 2220 quae
455 2175 563 2220 signa
594 2176 802 2211 masculina
834 2177 907 2212 sint
937 2188 1033 2222 quac
1065 2177 1246 2212 feminina
1278 2184 1315 2211 ct
1347 2188 1442 2221 quae
1469 2178 1535 2211 hu-

186 2234 296 2257 mana
316 2227 390 2266 MG,
415 2224 577 2268 spatium
603 2225 761 2258 duarum
789 2225 970 2260 linearum
995 2226 1035 2259 in
1053 2228 1078 2258 1.
1182 2232 1239 2258 150
1265 2227 1302 2259 et
1322 2228 1386 2258 ΜΘ
1411 2226 1427 2258 t
1452 2228 1532 2265 (om.

185 2271 306 2306 littera
331 2272 487 2315 initiali)
505 2275 530 2304 L
558 2282 600 2305 ac
619 2271 732 2306 Jacob
878 2279 933 2306 153
959 2283 1107 2306 aversus
1128 2273 1222 2307 Scal.
1255 2272 1429 2306 adversus
1450 2275 1474 2305 0

184 2317 373 2352 redeundo
400 2329 465 2353 om.
488 2319 533 2352 (3¹
559 2319 718 2363 (addidit
743 2319 784 2353 in
808 2331 852 2354 m.
881 2331 976 2354 man.
1003 2321 1084 2363 rec.)
