1627 2517
136 394 188 419 640

132 690 184 715 645

131 986 181 1012 650

129 1283 179 1308 655

128 1578 180 1603 660

206 92 262 132 24
610 89 797 125 MANILII
822 90 1168 126 ASTRONOMICA
1443 91 1522 126 Lib.
1544 92 1557 125 1

211 199 280 240 hic
307 207 447 241 mutat
471 215 546 254 per
571 200 697 253 signa
723 199 857 250 vices;
891 215 963 241 seu
987 199 1023 240 si
1051 200 1147 254 quis
1173 215 1268 241 eoos

212 274 284 300 seu
313 259 425 313 petit
453 259 683 313 hesperios,
712 274 841 313 supra
868 274 911 300 se
937 259 1120 301 circinat
1145 258 1290 301 orbem

209 317 444 359 verticibus
476 333 604 373 super
635 324 848 359 astantem
881 315 1160 373 mediumque
1189 326 1402 360 secantem

210 377 376 418 caelum
406 384 448 419 et
474 377 616 419 diviso
645 377 891 431 signantem
919 377 1108 419 culmine
1138 378 1348 419 mundum

215 434 406 491 (quando
427 436 528 478 aliis
547 436 669 478 aliud
690 436 882 478 medium
902 444 988 487 est3
1016 437 1132 479 volat
1151 437 1253 478 hora
1274 452 1348 492 per
1367 437 1551 489 orbem),

209 511 391 550 cumque
420 496 511 537 loco
539 502 677 538 terrae
705 497 957 551 caelumque
984 502 1025 537 et
1053 503 1248 551 tempora
1275 502 1430 538 mutat.

209 562 338 609 atque
358 554 433 597 ubi
453 570 495 596 se
513 555 669 610 primis
688 555 861 597 extollit
880 555 1081 597 Phoebus
1098 556 1151 597 ab
1171 556 1311 605 undis,

209 614 302 655 illis
328 621 448 656 sexta
474 621 633 664 manet,
662 630 767 669 quos
794 622 888 656 tum
914 615 1074 669 premit
1100 630 1253 656 aureus
1279 614 1407 656 orbis.

209 689 357 715 rursus
384 674 437 715 ad
466 674 684 729 hesperios
711 680 832 716 sexta
860 680 936 724 cst,
968 674 1042 716 ubi
1069 674 1183 716 cedit
1209 674 1256 715 in
1286 675 1482 724 umbras:

207 748 283 774 nos
308 732 497 788 primam
521 748 569 774 ac
594 748 807 775 summam
832 740 999 775 sextam
1023 749 1299 775 numeramus
1324 740 1550 788 utramque

208 798 249 834 et
278 792 474 846 gelidum
502 799 694 834 extremo
721 793 867 834 lumen
894 792 1105 834 sentimus
1132 792 1186 835 ab
1211 792 1321 847 igni.

208 851 388 893 alterius
416 851 533 893 fines
561 851 596 893 si
627 851 691 893 vis
719 867 971 906 cognoscere
1000 852 1114 906 gyri,

206 910 439 952 circumfer
465 911 623 953 faciles
648 912 791 953 oculos
817 912 1071 966 vultumque
1097 927 1172 966 per
1198 911 1355 953 orbem.

207 970 416 1025 quicquid
437 971 520 1012 erit
538 970 732 1025 caelique
752 971 890 1012 imum
910 977 1131 1025 terraeque
1151 985 1412 1025 supremum,

206 1044 290 1083 qua
315 1029 402 1071 coit
427 1029 519 1084 ipse
545 1029 629 1071 sibi
655 1030 776 1071 nullo
801 1029 1052 1071 discrimine
1079 1030 1265 1071 mundus

205 1088 434 1143 redditque
455 1095 530 1130 aut
550 1089 706 1144 recipit
725 1088 948 1143 fulgentia
969 1089 1108 1130 sidera
1129 1095 1274 1144 ponto,

204 1147 451 1202 praecingit
475 1148 594 1190 tenui
620 1155 911 1189 transversum
935 1148 1078 1190 limite
1101 1149 1326 1190 mundum.

205 1207 307 1248 haec
337 1221 506 1262 quoque
536 1223 611 1262 per
641 1213 781 1249 totum
813 1207 1017 1249 volitabit
1047 1207 1163 1249 linea
1192 1208 1372 1257 caelum,

205 1281 289 1307 non
315 1272 485 1307 tantum
512 1267 566 1307 ad
591 1266 784 1308 medium
811 1281 989 1320 vergens
1015 1266 1292 1321 mediumque
1315 1274 1489 1321 repente

202 1325 361 1373 orbem,
383 1340 496 1365 nunc
517 1332 679 1379 septem
702 1326 756 1366 ad
778 1325 923 1367 stellas
944 1341 1018 1366 neo
1038 1332 1155 1366 mota
1177 1326 1255 1367 sub
1278 1332 1406 1375 astra,

204 1383 273 1425 sed
309 1399 579 1439 quacumque
612 1399 746 1438 vagae
779 1384 963 1426 tulerint
994 1383 1180 1438 vestigia
1214 1384 1388 1439 plantae

207 1442 281 1484 has
302 1443 428 1484 modo
450 1449 661 1485 terrarum
682 1458 795 1484 nunc
815 1443 891 1484 has
912 1443 1155 1497 gradientis
1176 1443 1221 1484 in
1244 1458 1350 1493 oras,

204 1516 371 1556 semper
399 1502 485 1543 erit
515 1517 650 1544 novus
681 1509 722 1543 et
754 1501 880 1544 terris
911 1501 1156 1544 mutabitur
1187 1518 1331 1553 arcus3

204 1561 366 1616 quippe
398 1561 519 1603 aliud
549 1562 716 1603 caelum
747 1562 974 1603 ostendens
1005 1561 1210 1617 aliudque
1241 1562 1487 1617 relinquens

199 1619 435 1661 dimidium
463 1626 582 1675 teget
609 1627 650 1662 et
677 1622 834 1662 referet
861 1621 1063 1675 varioque
1090 1621 1265 1663 nbtabit

202 1678 296 1720 fine
323 1686 364 1720 et
392 1694 488 1720 cum
516 1679 611 1720 visu
640 1679 804 1733 pariter
830 1695 906 1721 sua
934 1680 1019 1721 fila
1047 1686 1255 1721 movente.

253 1824 312 1851 637
340 1818 419 1864 seu]
447 1829 514 1853 ceu
534 1819 600 1854 Br.
631 1819 690 1861 (cf.
713 1819 762 1853 ad
782 1820 808 1854 I
823 1821 910 1862 835)
938 1830 1025 1853 nam
1046 1820 1164 1854 Bentl.
1263 1825 1323 1852 638
1347 1819 1448 1864 parit
1467 1823 1502 1852 Μ

195 1871 255 1898 646
280 1864 462 1899 ‹zulminat
488 1869 523 1898 M
619 1873 673 1899 641
700 1877 840 1901 versum
866 1867 921 1901 bis
944 1868 1119 1912 scriptum
1144 1868 1184 1901 in
1204 1870 1250 1910 Μ,
1274 1867 1336 1902 sed
1360 1867 1464 1902 semel
1490 1867 1546 1902 de-

196 1912 303 1947 letum
330 1913 408 1956 (fol.
432 1914 550 1957 Vllv)
571 1918 655 1957 post
683 1916 755 1948 642
780 1915 1006 1959 transposuit
1031 1914 1146 1956 Scal.;
1167 1914 1394 1958 parenthesis
1419 1918 1470 1949 est

194 1966 252 1992 642
279 1960 332 2005 et]
359 1971 426 1995 om.
454 1963 488 1992 M
640 1967 698 1993 643
725 1961 895 1995 abundus
923 1964 957 1994 M
1109 1968 1167 1994 644
1193 1962 1286 2006 tum]
1313 1963 1438 1995 tamen
1465 1964 1499 1993 M

194 2013 255 2040 646
281 2008 491 2052 utramque]
518 2009 701 2051 utranque
729 2011 756 2040 G
781 2011 940 2052 utraque
965 2008 1046 2041 LM²
1070 2010 1227 2052 utroque
1254 2008 1305 2041 M¹
1401 2015 1458 2041 647
1486 2019 1546 2042 ex-

194 2055 352 2088 tremum
378 2057 413 2087 M
526 2061 585 2088 648
612 2054 642 2089 si
670 2055 738 2101 vis]
766 2067 849 2089 suos
876 2059 911 2088 M
984 2055 1081 2101 gyri]
1107 2055 1179 2100 giri
1203 2055 1278 2089 L¹G
1303 2055 1393 2100 giris
1420 2055 1500 2089 ΜΡ

193 2108 252 2134 649
278 2101 508 2146 vultumque]
535 2101 694 2136 multum
720 2113 786 2146 per
811 2106 846 2135 Μ
942 2109 1002 2136 650
1026 2104 1220 2146 terraeque
1241 2106 1268 2136 G
1293 2105 1465 2147 terraque
1485 2106 1546 2136 m.

240 2155 298 2182 655
323 2148 413 2195 non]
439 2160 537 2183 nunc
564 2149 650 2194 Rey.
716 2150 878 2194 tantum]
905 2152 1066 2185 tractum
1092 2151 1243 2185 Housm.
1307 2150 1545 2194 mediumque

193 2196 361 2242 repente]
390 2196 594 2240 mundique
619 2197 810 2240 tepentem
836 2198 987 2232 Housm.
1086 2204 1145 2231 656
1170 2208 1238 2231 1100
1263 2198 1366 2232 mota
1391 2198 1544 2233 Housm.

192 2255 289 2277 nune
317 2246 416 2277 mota
442 2246 466 2276 0
659 2250 716 2277 657
750 2255 985 2289 quacumque
1011 2245 1131 2280 Bentl.
1167 2255 1421 2288 quaecumque
1449 2248 1472 2278 0

192 2297 250 2324 658
277 2302 359 2325 oras
385 2294 411 2323 F
443 2290 552 2325 horas
579 2294 603 2324 0
724 2298 779 2324 661
805 2293 910 2337 teget
934 2292 1027 2328 Scal.
1053 2292 1148 2336 tegit
1173 2294 1237 2325 ΜΘ
1267 2292 1365 2337 regit
1389 2295 1415 2325 L
1487 2302 1543 2326 re-

193 2338 287 2372 feret
313 2338 407 2373 Scal.
434 2338 545 2372 refert
571 2341 594 2371 0
