1627 2517
97 217 148 241 23¹)

98 512 148 536 235

99 808 151 832 240

101 1401 152 1426 250

169 90 227 130 44
567 88 757 123 MANILII
783 88 1123 123 ASTRONOMICA
1387 88 1465 124 Lib.
1487 88 1519 123 11

169 204 269 239 sunt
300 197 433 239 etiam
464 197 633 239 mediae
663 197 775 251 legis
805 196 1051 239 communia
1083 197 1222 251 signa,

169 256 402 311 ambiguus
425 263 562 298 terrae
586 256 888 311 Capricornus,
913 256 1137 311 Aquarius
1160 256 1300 305 undis,

174 318 371 371 [parsque
405 316 575 357 marina
606 315 749 357 nitens
780 316 1008 357 fundentis
1040 331 1205 370 semper
1237 315 1424 371 Aquari]

170 375 320 416 umida
344 375 526 416 terrenis
551 374 722 429 aequali
747 375 920 417 foedere
943 375 1095 416 mixta.

229 449 314 476 non
336 434 438 476 licet
459 449 483 476 a
504 433 703 475 minimis
724 434 919 476 animum
942 435 1172 475 deflectere
1193 434 1320 483 curis,

170 508 245 534 nec
273 493 505 548 quicquam
532 493 716 535 rationis
744 500 842 548 eget
866 494 1084 535 frustrave
1111 501 1313 535 creatum.

168 553 406 594 fecundum
434 558 498 594 est
525 552 699 608 proprie
727 553 884 594 Caneri
913 567 1062 607 genus,
1092 567 1186 594 acer
1215 559 1255 594 et
1284 553 1372 594 ictu

172 611 372 666 Scorpios
400 619 442 653 et
469 618 601 666 partu
627 612 889 667 complentes
916 627 1101 666 aequora
1130 612 1288 654 Pisces.

171 671 243 712 sed
273 670 435 712 sterilis
464 671 601 725 Virgo
630 678 693 713 est
722 671 858 713 simili
888 671 1116 713 coniuncta
1145 670 1305 721 Leoni:
1336 720 1339 721 ⁷

170 745 246 771 nec
271 729 389 785 capit
414 736 489 771 aut
515 736 662 785 captos
686 730 887 772 effundit
912 730 1137 785 Aquarius
1163 736 1293 772 ortus.

171 789 285 830 inter
316 795 548 844 utrumque
579 796 724 831 manet
755 789 1043 844 Capricornus
1074 804 1248 844 corpore
1276 789 1429 840 mixto,

171 854 213 889 et
239 848 313 903 qui
341 848 520 890 Cretaeo
546 849 692 903 fulget
718 848 962 891 Centaurus
988 849 1035 890 in
1061 863 1175 899 arcu,

171 907 496 962 communisque
523 908 656 950 Aries
685 915 941 963 aequantem
971 914 1165 963 tempora
1193 907 1373 949 Libram

171 972 213 1008 et
232 966 441 1008 Geminos
462 967 740 1022 Taurumque
760 967 858 1022 pari
877 967 955 1009 sub
976 973 1089 1009 sorte
1107 973 1307 1009 recenset.

230 1040 306 1067 nec
330 1032 379 1068 tu
401 1026 525 1068 nulla
547 1032 673 1081 putes
696 1025 742 1067 in
767 1042 815 1068 eo
839 1032 1080 1068 commenta
1102 1026 1262 1068 locasse

99 1105 113 1121 -ν
137 1091 371 1130 ἧῃειῒυῑαῑη
406 1100 564 1135 rerum,
600 1085 715 1140 quod
751 1091 854 1127 sunt
886 1086 1103 1128 currentia
1139 1085 1364 1140 quaedam,
1409 1132 1411 1134 q

171 1150 218 1185 ut
247 1144 335 1185 Leo
365 1150 407 1185 et
435 1144 695 1186 Arcitenens
723 1144 939 1200 Ariesque
967 1144 1014 1186 in
1041 1159 1199 1186 cornua
1228 1150 1390 1195 tortus;

172 1210 248 1244 aut
273 1218 383 1257 quae
408 1209 523 1245 recta
550 1203 639 1245 suis
663 1203 883 1245 librantur
909 1203 1073 1245 stantia
1099 1203 1316 1254 membris,

172 1268 219 1303 ut
240 1261 375 1316 Virgo
396 1268 438 1304 et
458 1262 638 1304 Gemini
658 1263 847 1304 fundens
868 1269 909 1304 et
928 1263 1154 1317 Aquarius
1174 1263 1323 1304 undas.

173 1321 238 1362 vel
263 1336 372 1375 quae
395 1322 511 1362 fessa
536 1322 683 1363 sedent
706 1321 854 1376 pigras
879 1322 1115 1363 referentia
1141 1328 1317 1371 mentes,

174 1381 342 1422 Taurus
367 1380 577 1435 depositis
602 1380 710 1422 collo
735 1380 902 1435 sopitus
926 1380 1097 1430 aratris,

172 1438 307 1480 Libra
333 1440 411 1481 sub
439 1439 619 1481 emerito
646 1439 871 1481 considens
897 1440 997 1481 orbe
1024 1439 1234 1489 laborum,

172 1506 304 1553 tuque
333 1504 421 1548 tuo,
451 1498 726 1553 Capricorne‚
757 1499 857 1552 gelu
884 1505 1127 1541 contractus
1157 1499 1202 1540 in
1231 1498 1372 1540 astris.

170 1563 318 1598 contra
349 1557 460 1599 iacet
491 1557 653 1599 Cancer
684 1559 878 1612 patulam
910 1558 1124 1599 distentus
1156 1558 1203 1599 in
1233 1557 1392 1607 alvum,

174 1615 373 1671 Scorpios
405 1616 659 1659 incumbens
690 1617 820 1672 plano
851 1617 929 1659 sub
960 1624 1128 1672 pectore
1161 1623 1312 1667 terrae,

101 1698 115 1722 ρ
139 1699 151 1720 r,
173 1675 218 1716 in
246 1676 360 1717 latus
387 1675 556 1731 obliqui
586 1676 731 1718 Pisces
757 1691 1007 1731 semperque
1035 1677 1234 1718 iacentes.

231 1822 286 1848 281
313 1814 510 1860 ambiguus
530 1816 605 1849 L‘2G
637 1816 822 1860 ambiguis
843 1819 878 1849 M
909 1816 1094 1861 ambigius
1113 1817 1158 1850 L¹
1302 1823 1360 1850 232
1385 1816 1522 1861 nitens]

172 1864 296 1896 tutens
317 1865 368 1903 Μς
404 1873 544 1897 versum
570 1863 761 1898 damnavit
786 1864 906 1898 Bentl.
1029 1870 1087 1897 238
1119 1863 1268 1907 aequali
1288 1863 1381 1898 Scal.
1409 1864 1521 1906 atque

172 1910 228 1944 illi
251 1913 274 1942 0
350 1909 498 1944 foedere
518 1910 611 1945 Scal.
640 1911 822 1955 degenere
842 1915 877 1944 M
903 1911 1037 1956 degere
1057 1914 1113 1944 LG
1179 1914 1264 1956 post
1288 1911 1320 1944 h.
1342 1922 1389 1944 zu:
1427 1921 1522 1953 quae

172 1956 335 1991 facunda
361 1957 573 1992 habeantur
591 1961 626 1991 M
651 1969 747 2002 quae
773 1958 958 1993 faecunda
979 1962 1007 1992 G
1103 1964 1160 1992 288
1187 1957 1300 1992 simili
1320 1957 1394 1991 L²G
1419 1957 1520 1991 simi-

171 2005 217 2039 lis
237 2005 318 2038 L¹M
408 2010 466 2038 28⁹
493 2006 530 2039 et
554 2005 680 2039 fundit
699 2009 733 2038 M
823 2012 882 2039 240
906 2005 1064 2040 mixtum
1082 2006 1128 2039 12¹
1216 2012 1274 2038 242
1299 2007 1469 2049 tempora,
1488 2008 1523 2038 M

171 2054 337 2096 tempore
357 2055 412 2085 LG
509 2057 570 2086 243
596 2063 736 2097 genuos
757 2056 791 2086 M
840 2055 991 2087 taurum
1011 2056 1046 2086 M
1089 2057 1174 2097 post
1196 2053 1229 2087 h.
1250 2064 1299 2088 v.:
1327 2062 1423 2097 quae
1449 2052 1524 2087 sint

172 2099 362 2134 currentia
388 2100 453 2133 aut
477 2099 577 2134 recia
597 2102 631 2132 M
666 2111 761 2143 quae
788 2101 974 2134 currentia.
1000 2101 1065 2134 aut
1090 2101 1193 2134 recta
1214 2103 1241 2133 G
1385 2106 1443 2134 244
1468 2099 1523 2134 lo-

172 2158 274 2183 casse
295 2147 414 2183 Bentl.
441 2157 590 2182 vocasse
611 2150 635 2180 0
827 2154 884 2181 247
910 2147 1095 2182 librantur
1113 2150 1177 2181 MG
1201 2146 1384 2181 librentur
1400 2151 1426 2181 L

170 2202 228 2229 248
251 2200 333 2239 post
356 2195 389 2229 h.
410 2206 458 2230 v.:
485 2205 581 2238 quae
607 2193 775 2229 sedentia
801 2196 866 2229 aut
889 2195 1052 2229 iacentia
1071 2198 1136 2228 MG
1231 2201 1290 2228 258
1316 2196 1443 2229 contra
1461 2197 1521 2227 ML

172 2245 319 2278 contrat
338 2246 366 2276 G
396 2246 523 2276 contra
547 2243 589 2276 tu
616 2243 805 2286 (eoepemeto
831 2242 943 2285 iacet)
970 2243 1119 2288 Kleiny.
1230 2241 1328 2276 iacet
1347 2245 1371 2275 0
1398 2241 1524 2276 iacent,

171 2291 291 2326 Bentl.
389 2296 447 2323 254
473 2291 623 2333 pectore
644 2288 689 2322 G¹
715 2300 867 2334 corpore
885 2289 997 2323 LMG²
1104 2295 1162 2323 255
1189 2289 1350 2333 obliquis
1368 2293 1394 2323 1.
1439 2292 1523 2333 post

170 2338 202 2370 h.
225 2350 270 2371 u:
299 2348 394 2381 quae
421 2336 495 2371 sint
520 2335 661 2371 debilia
682 2340 746 2370 MG
