1627 2517
0 2325 2 2378 i

55 113 87 136 v.
108 104 293 136 237—291
452 100 641 134 MANILII
666 99 1009 135 ASTRONOMICA
1345 99 1401 141 83

56 216 185 264 atque
210 208 273 251 ibi
297 209 512 250 conversis
537 208 704 249 vicibus
729 214 955 249 mutantur
981 207 1027 248 in
1052 208 1176 249 horas
1425 226 1476 250 265

55 268 280 318 brumalis,
301 275 553 322 noctemque
572 267 665 308 dies
684 267 908 322 lucemque
928 267 1128 308 tenebrae

56 327 283 369 hibernam
306 327 502 369 referunt
524 327 777 381 alternaque
800 333 994 381 tempora
1019 326 1199 368 vincunt

55 401 167 428 nunc
194 387 274 428 huc
299 402 412 428 nunc
438 386 542 428 illuc
569 385 777 440 gradibus
802 401 878 440 per
903 386 1044 427 sidera
1070 385 1198 427 certis

54 446 292 500 impulsae;
326 461 510 500 quarum
535 445 647 487 ratio
673 446 909 486 manifesta
935 461 1010 500 per
1036 453 1173 486 artem

53 505 231 546 collecta
257 512 320 546 est
347 505 576 559 venietque
603 520 678 546 suo
706 520 782 559 per
808 505 1002 546 carmina
1029 511 1166 546 textu.
1423 522 1475 547 270

53 571 182 619 atque
207 565 308 605 haec
332 570 395 606 est
419 564 519 605 illas
543 565 718 605 demum
744 579 944 605 mensura
967 579 1042 618 per
1066 579 1174 613 oras,

54 638 159 678 quas
181 623 299 677 rigat
321 623 498 665 aestivis
522 623 726 677 gravidus
750 624 1014 665 torrentibus
1036 623 1177 664 amnis

53 683 185 724 Nilus
207 690 248 724 et
269 698 497 738 erumpens
520 683 722 724 imitatur
744 682 886 724 sidera
908 683 1060 724 mundi

50 757 126 796 per
150 748 313 797 septem
336 742 485 784 fauces
509 748 639 796 atque
665 757 737 783 ora
762 742 971 796 fugantia
995 749 1190 796 pontum.

50 816 163 842 nunc
185 816 278 855 age,
302 808 407 856 quot
429 801 585 843 stadiis
608 808 648 842 et
673 808 835 856 quanto
858 808 1050 855 tempore
1073 807 1256 855 surgant
1424 818 1474 843 ‘275

55 860 197 902 sidera
222 876 391 916 quoque
415 861 585 910 cadant,
612 861 758 902 animo
784 876 989 914 cognosce
1016 861 1174 914 sagaci,

55 934 107 961 ne
134 935 293 973 magna
320 920 366 961 in
394 920 595 961 brevibus
623 926 801 974 pereant
827 920 1082 974 compendia
1109 920 1252 961 dictis.

53 979 198 1020 nobile
225 979 433 1033 Lanigeri
460 978 594 1029 sidus,
621 980 736 1034 quod
763 986 916 1021 cuncta
942 987 1194 1034 sequuntur,

49 1038 159 1079 dena
177 1045 328 1093 quater
347 1039 489 1079 stadia
508 1038 717 1088 exoriens,
738 1039 1044 1093 duplicataque
1062 1038 1182 1080 ducit

52 1111 149 1138 cum
169 1097 310 1147 cadit;
339 1104 467 1152 atque
489 1098 637 1138 horam
659 1112 839 1151 surgens
859 1097 1036 1152 eiusque
1055 1098 1259 1139 trientem
1426 1115 1476 1139 280

52 1162 254 1210 occupat,
290 1157 492 1198 occiduus
520 1156 738 1210 geminat;
775 1172 871 1198 cum
899 1164 1037 1198 cetera
1066 1157 1192 1210 signa

49 1215 214 1257 octonis
235 1222 429 1257 crescunt
453 1216 607 1257 stadiis
630 1216 816 1257 orientia
840 1216 886 1256 in
910 1216 1054 1257 orbem

49 1281 91 1316 et
113 1274 297 1316 totidem
320 1275 533 1316 amittunt
556 1275 723 1329 gelidas
747 1274 971 1329 vergentia
995 1275 1040 1316 in
1063 1276 1250 1316 umbras.

47 1333 151 1375 hora
171 1349 280 1375 novo
302 1334 453 1376 crescit
475 1350 550 1389 per
573 1334 747 1388 singula
769 1334 894 1388 signa
918 1335 1170 1389 quadrante,

45 1393 260 1447 tertiaque
288 1393 335 1434 in
364 1393 519 1447 quinas
547 1409 648 1448 pars
676 1393 711 1435 si
741 1394 965 1435 diducitur
993 1393 1096 1435 eius.
1427 1410 1476 1435 -285

44 1451 147 1494 haec
172 1458 273 1494 sunt
297 1453 352 1494 ad
379 1451 537 1495 Librae
564 1452 685 1494 sidus
711 1453 990 1507 surgentibus
1016 1453 1146 1495 astris

43 1511 332 1563 incrementa;
369 1511 466 1567 pari
494 1519 712 1554 momento
742 1513 901 1554 damna
931 1512 1180 1562 trahuntur,

41 1585 138 1611 cum
171 1571 355 1612 subeunt
386 1571 531 1613 orbem
564 1586 795 1626 rursusque
826 1587 848 1612 a
881 1571 1019 1612 sidere
1050 1572 1208 1612 Librae

44 1629 194 1670 ordine
218 1636 385 1671 mutato
409 1630 587 1684 paribus
611 1646 686 1685 per
710 1637 904 1685 tempora
929 1646 1046 1671 versa

43 1689 274 1730 momentis
296 1689 489 1730 redeunt.
522 1704 622 1730 nam
645 1704 720 1744 per
743 1696 847 1744 quot
870 1696 1059 1730 creverat
1081 1695 1246 1730 astrum
1426 1706 1477 1731 290

48 1746 257 1800 Lanigeri
286 1748 427 1789 stadia
455 1754 530 1789 aut
559 1748 697 1798 horas,
727 1755 793 1790 tot
821 1748 957 1789 Libra
984 1749 1158 1790 recedit.

106 1881 164 1908 265
196 1875 304 1908 ibim
336 1875 402 1909 ubi
421 1879 478 1908 LG
530 1875 673 1909 visibus
693 1876 736 1909 L¹
787 1876 898 1910 haras
917 1877 962 1909 Ll
1059 1883 1113 1910 271
1147 1879 1203 1910 est
1228 1876 1314 1910 illas
1344 1876 1406 1910 de-

46 1933 147 1955 mum
167 1922 255 1967 Rey.
283 1921 350 1956 illa
376 1922 524 1957 demum
556 1925 612 1956 est
630 1926 687 1956 LG
712 1922 780 1957 illa
806 1923 954 1957 demum
974 1927 1009 1957 Μ
1071 1935 1153 1958 oras
1175 1924 1269 1958 Scal.
1296 1923 1405 1957 horas

46 1967 122 2002 L²G
145 1968 238 2004 hora
256 1969 339 2003 Lm
423 1977 482 2003 2¹12
506 1969 684 2014 gravidus
704 1970 800 2005 Scal.
828 1970 1007 2013 gradibus
1030 1974 1053 2004 0
1137 1978 1195 2004 275
1222 1973 1313 2014 quot
1331 1970 1406 2004 L²G

49 2015 150 2059 quod
169 2016 250 2050 L¹M
405 2024 461 2050 27¹2
499 2019 654 2061 pereant
674 2018 795 2052 Bentl.
833 2021 981 2052 careant
1002 2022 1025 2051 0
1062 2018 1208 2053 lateant
1226 2018 1340 2053 Jacob

45 2068 101 2096 281
128 2063 304 2098 occiduus
324 2064 399 2098 1¹²G
424 2064 608 2099 occidusis
628 2064 672 2098 1.¹
699 2064 851 2100 occidus
874 2069 908 2098 Μ
1029 2072 1087 2099 283
1115 2065 1295 2099 amittunt
1317 2065 1403 2110 Rey.

45 2109 250 2145 admittunt
270 2114 294 2145 0
368 2111 514 2156 gelidas
540 2112 733 2157 vergentia
753 2112 847 2147 Scal.
875 2112 1003 2157 gelida
1030 2113 1224 2157 vergentia
1244 2116 1278 2145 M
1312 2111 1405 2156 geli-

45 2157 186 2201 dasque
212 2158 375 2203 rigentia
394 2162 450 2192 LG
547 2166 605 2193 285
631 2158 764 2202 quinas
786 2160 907 2195 Bentl.
945 2163 1079 2203 quarta
1101 2163 1125 2193 0
1175 2171 1261 2204 pars
1283 2160 1405 2194 Bentl.

44 2206 150 2248 parte
173 2208 196 2238 0
247 2205 279 2239 si
305 2205 496 2240 diducitur
516 2207 581 2242 Br.
609 2206 640 2240 si
667 2206 818 2241 ducitur
837 2211 898 2240 ML
926 2207 979 2241 sic
1006 2207 1154 2241 ducitur
1175 2211 1202 2240 G
1299 2213 1356 2240 288
1383 2217 1404 2240 a

46 2251 167 2286 sidere
187 2251 281 2287 Seaz.
309 2253 358 2286 ad
383 2253 506 2287 sidera,
526 2257 549 2287 0
666 2260 725 2287 290
750 2255 843 2297 quot
862 2254 907 2287 122
934 2254 1033 2299 quod
1054 2255 1166 2287 L¹MG
1215 2258 1293 2297 post
1319 2254 1351 2288 h.
1372 2265 1404 2289 v.

43 2300 319 2391 {cgnitum-din?
345 2300 689 2392 (ffrtzjaozvffbdvctafi
718 2301 878 2344 denique
907 2302 937 2335 si
963 2312 1037 2336 non
1064 2303 1121 2335 est
1146 2301 1215 2335 fati
1242 2312 1307 2334 cur
1331 2302 1403 2335 tra-

69 2357 81 2378 1
101 2357 145 2379 ur
170 2357 211 2380 or
239 2357 258 2381 o
304 2364 348 2375 =
438 2351 457 2381 1
