1627 2517
179 80 237 120 46
576 80 613 113 M
619 78 765 113 ANILII
789 78 1134 115 ASTRONOMICA
1396 80 1475 114 Lib.
1497 79 1529 114 II

181 187 256 228 sed
284 186 521 228 discrimen
551 186 648 237 erit,
679 187 833 229 dextra
863 202 918 228 an
947 187 1036 229 sint
1065 187 1208 228 laeva:
1244 187 1436 237 sinistra,

108 265 158 290 285
181 261 290 301 quae
308 246 509 297 subeunt,
530 261 638 302 quae
657 246 933 301 praecedunt,
953 247 1106 288 dextra
1125 261 1213 288 esse
1230 247 1447 289 feruntur.

179 306 331 347 dexter
353 305 436 347 erit
460 306 603 347 Tauro
627 305 931 360 Capricornus,
956 306 1091 360 Virgo
1114 305 1304 348 sinistra.

180 365 258 406 hoc
277 365 384 406 satis
405 364 603 420 exemplo
625 371 701 406 est.
732 371 777 406 at
796 379 906 420 quae
924 365 1067 407 divisa
1089 365 1311 420 quaternis

179 423 379 479 partibus
405 423 579 479 aequali
606 424 792 466 laterum
820 430 921 466 sunt
947 424 1123 466 condita
1149 425 1295 474 ductu,

180 498 364 538 quorum
387 483 593 538 designat
616 482 826 525 normalis
850 483 1024 538 virgula
1051 484 1182 534 sedes,

107 561 158 586 290
179 542 283 584 haec
304 542 518 597 quadrata
537 543 710 584 ferunt:
741 542 921 585 Libram
943 542 1232 598 Capricornus
1254 550 1295 584 et
1317 543 1445 584 illum

175 600 385 656 conspicit
415 601 513 643 hinc
538 601 682 651 Aries,
711 608 841 656 atque
864 602 1008 657 ipsum
1037 617 1061 643 a
1089 602 1285 657 partibus
1314 602 1464 657 aequis

178 661 355 711 Cancer,
376 667 420 702 et
442 661 554 702 hunc
577 661 698 702 laeva
720 661 946 703 subeuntis
968 661 1109 703 sidera
1130 661 1302 703 Librae.

179 734 347 775 semper
374 720 493 761 enim
522 719 690 761 dextris
719 726 946 762 censentur
976 720 1102 774 signa
1131 719 1289 774 priora.

178 779 239 820 sic
258 779 361 821 licet
380 779 428 820 in
449 778 632 821 totidem
653 786 798 834 partes
818 779 1020 821 diducere
1037 786 1192 820 cuncta

105 857 155 882 295
179 845 387 893 ternaque
414 838 481 880 bis
509 838 623 880 senis
652 839 864 894 quadrata
893 838 1114 893 effingere
1140 838 1292 893 signis,

179 912 363 952 quorum
381 898 604 963 proposito
622 898 858 940 reddentur
876 897 924 938 in
943 898 1093 939 ordine
1112 897 1236 939 vires,

239 957 311 998 sed
336 956 374 999 si
400 957 498 1012 quis
523 963 750 998 contentus
774 957 858 998 erit
881 972 1129 999 numerasse
1153 957 1380 1012 quadrata,

177 1015 368 1057 divisum
397 1016 500 1070 <ut>
529 1015 668 1081 signis
695 1016 905 1057 mundum
933 1022 1056 1071 putet
1084 1031 1172 1057 esse
1199 1016 1433 1071 quaternis,

177 1081 252 1116 aut
276 1074 362 1116 tria
387 1075 466 1116 sub
492 1075 639 1130 quinis
664 1075 801 1130 signis
826 1090 976 1117 ornare
1000 1075 1237 1130 trigonum,

103 1153 155 1177 300
179 1140 226 1175 ut
251 1133 387 1175 socias
412 1133 525 1176 vires
550 1140 593 1176 et
618 1134 778 1176 amicos
804 1134 954 1188 exigat
979 1141 1098 1176 ortus

177 1194 439 1248 foederaque
466 1193 664 1235 inveniat
691 1193 844 1235 mundi
873 1200 1058 1248 cognata
1085 1209 1160 1248 per
1187 1200 1316 1244 astra,

173 1253 314 1294 falsus
341 1252 437 1294 erit.
475 1268 576 1293 nam
605 1252 740 1307 quina
768 1252 869 1294 licet
896 1252 985 1294 sint
1013 1253 1205 1308 undique
1231 1253 1372 1307 signa,

175 1311 251 1366 qui
272 1318 417 1353 tamen
438 1326 490 1352 ex
512 1311 665 1365 signis,
689 1327 797 1366 quae
818 1312 971 1366 quinto
991 1327 1160 1366 quoque
1178 1313 1381 1353 feruntur

174 1377 290 1412 astra
318 1371 423 1420 loco,
451 1371 622 1412 fuerint
650 1370 759 1420 nati,
790 1370 951 1412 sentire
979 1370 1144 1425 trigoni

103 1448 154 1473 305
177 1445 263 1471 non
293 1436 499 1484 poterunt
530 1429 656 1479 vires,
689 1429 792 1471 licet
823 1429 936 1471 illud
966 1429 1141 1471 nomine
1173 1437 1364 1480 servent3

175 1489 359 1530 amisere
387 1489 478 1530 loco
508 1489 629 1530 dotes
658 1488 937 1544 numerisque
966 1496 1226 1544 repugnant.

177 1563 277 1589 nain
300 1563 398 1589 cum
421 1548 511 1590 sint
533 1555 678 1603 partes
703 1548 818 1590 orbis
840 1563 915 1603 per
938 1548 1065 1602 signa
1089 1555 1304 1590 trecentae

174 1614 214 1648 et
238 1615 303 1648 ter
326 1607 514 1657 vicenae,
540 1622 646 1662 quas
670 1607 836 1649 Phoebi
858 1607 1015 1649 circuit
1038 1608 1178 1657 ardor,

174 1666 305 1707 tertia
331 1681 430 1720 pars
458 1666 551 1708 eius
578 1666 748 1708 numeri
776 1666 892 1708 latus
919 1666 1067 1708 efficit
1097 1682 1230 1708 unum

229 1765 287 1792 284
320 1760 450 1793 dextra
476 1769 523 1793 an
549 1759 624 1793 sint
648 1759 755 1793 laeva
773 1759 888 1795 Jacob
915 1760 1053 1794 dextris
1080 1771 1143 1794 seu
1165 1771 1275 1793 causa
1296 1763 1319 1793 0
1352 1761 1455 1804 (eusa
1474 1761 1521 1802 M)

169 1813 228 1840 286
254 1807 406 1840 dextera
425 1810 515 1839 LV0¹¹
613 1813 669 1840 287
698 1808 737 1841 at
756 1809 791 1840 Μ
817 1807 863 1841 ad
883 1810 939 1840 LG
989 1808 1096 1852 quae]
1123 1807 1194 1840 huc
1213 1809 1248 1840 Μ
1344 1813 1403 1840 290
1429 1806 1521 1840 haec

172 1853 410 1900 <quadra>ta
436 1854 556 1888 Benll.
583 1854 674 1889 haec
700 1856 740 1888 ta
760 1857 824 1887 MG
849 1854 984 1888 haecca
1003 1858 1028 1887 L
1143 1854 1266 1888 ferunt
1285 1857 1340 1887 LG
1365 1853 1474 1887 fes-M

170 1901 320 1935 Libram
341 1900 582 1944 Capricornus
604 1903 641 1935 et
660 1905 721 1934 ML
747 1901 897 1935 Libram
917 1903 1037 1936 tortus
1059 1901 1094 1936 C.
1116 1905 1160 1947 V²
1189 1901 1338 1935 Libram
1360 1900 1395 1935 C.
1417 1911 1521 1945 spec-

169 1950 227 1982 tat
252 1949 289 1982 et
308 1952 334 1981 F
359 1947 509 1982 Libram
531 1948 566 1983 C.
594 1951 632 1982 et
657 1950 816 1994 (spectat
834 1960 929 1984 man.
950 1960 1016 1984 ree.
1037 1950 1079 1983 in
1097 1950 1156 1992 m.)
1178 1951 1205 1982 G
1301 1954 1356 1981 291
1382 1947 1467 1981 hinc
1486 1952 1521 1981 M

169 1996 263 2030 hanc
282 1996 327 2029 L¹
360 1995 457 2029 hunc
475 1994 550 2029 L²G
695 1998 808 2040 atque
833 1996 956 2040 ipsum
981 2007 1003 2029 a
1024 1999 1048 2028 0
1084 1997 1196 2039 atque
1221 1994 1328 2029 illum
1349 1998 1448 2040 CV2F

169 2049 227 2076 294
248 2043 299 2077 sic
319 2042 406 2076 licet
419 2042 513 2077 Scal.
540 2042 680 2077 scilicet
700 2047 723 2076 0
775 2043 948 2078 diducere
961 2043 1068 2078 Beck.
1097 2042 1315 2076 deducereo
1365 2049 1423 2076 295
1450 2045 1519 2077 ter-

169 2100 291 2133 naque
311 2093 354 2136 V²
383 2090 555 2134 terraque
576 2093 599 2123 0
627 2092 726 2124 terra
751 2091 807 2125 bis
830 2095 851 2123 c
966 2090 1152 2133 quadrata.
1171 2093 1214 2135 V2
1244 2089 1470 2133 quadi-abeo

170 2137 346 2182 effingere
366 2137 486 2172 Berztz.
514 2137 677 2181 fringere
698 2141 722 2171 0
750 2139 873 2182 (prius
899 2149 915 2170 r
941 2148 1082 2172 erasum
1111 2149 1149 2170 m
1169 2139 1206 2181 L)
1352 2143 1410 2170 2⁹ss
1437 2137 1519 2170 red—

169 2185 303 2218 dentur
323 2185 442 2220 Bentl.
468 2184 674 2218 redduntur
695 2189 718 2218 0
763 2190 848 2229 pozt
872 2185 904 2218 Ῑι.
925 2195 973 2218 u:
1002 2184 1047 2218 de
1067 2194 1239 2218 mensura
1259 2195 1380 2219 eorum
1404 2184 1519 2228 signi-

168 2231 253 2266 liter
279 2233 391 2276 atque
417 2231 604 2276 partiliter
624 2235 698 2274 ΜΕ,
724 2234 885 2276 spatium
913 2232 1023 2266 unius
1040 2243 1162 2266 versus
1181 2232 1221 2266 in
1239 2235 1264 2264 L
1291 2242 1446 2266 vacuum
1464 2242 1519 2266 re—

170 2280 293 2314 lictum
389 2285 448 2313 298
475 2279 573 2325 (ut)
601 2278 693 2314 Scal.
797 2286 855 2313 304
882 2279 1032 2313 fuerunt
1052 2282 1086 2311 M
1135 2279 1216 2312 nati
1237 2283 1264 2312 G
1289 2278 1386 2313 natis
1408 2281 1469 2311 ML

168 2333 226 2360 305
253 2326 401 2361 nomine
420 2325 493 2360 L²G
519 2326 670 2360 nomina
688 2327 768 2360 L¹M
865 2333 924 2360 808
950 2328 1006 2360 ter
1026 2325 1069 2359 Ι.2
1094 2327 1181 2360 tunc
1200 2326 1310 2359 L¹MG
