1627 2517
70 98 101 121 v,
123 90 310 121 467—523
503 86 692 121 MANILII
718 85 1063 121 ASTRONOMICA

73 201 114 236 et
140 195 258 236 velut
283 194 468 250 imperio
494 195 780 250 praescriptos
806 195 980 235 reddere
1007 209 1154 236 cursus

72 254 288 295 cernimus
309 269 355 295 ac
374 253 510 295 nullis
530 253 864 308 properantibus
886 253 973 295 ulla
995 253 1184 308 relinqui
1201 253 1220 292 P

72 327 147 355 cur
177 313 324 354 eadem
355 313 540 354 aestivas
570 319 779 354 exornant
809 312 951 354 sidera
980 320 1123 354 noctes

73 386 239 438 semper
265 378 306 413 et
331 371 533 414 hibernas
559 373 720 421 eadem,
747 378 992 427 certamque
1010 367 1214 426 figuram

73 431 256 486 quisque
282 431 374 472 dies
399 431 544 472 reddit
570 431 730 472 mundo
757 439 1002 485 certamque
1029 431 1273 485 relinquit?

73 490 161 531 13111
187 497 294 540 tum,
318 505 415 531 cum
439 489 600 532 Graiae
625 496 845 532 verterunt
871 490 1085 544 Pergama
1111 498 1273 544 gentes,

73 548 231 590 Arctos
256 555 298 590 et
323 548 459 590 Orion
486 549 676 590 adversis
700 549 922 591 frontibus
946 549 1085 598 ibant,

74 608 176 649 haec
201 614 402 649 contenta
427 623 524 650 suos
550 608 596 649 in
623 608 780 650 vertice
805 608 983 650 flectere
1009 623 1152 663 gyros,

73 666 148 708 ille
169 682 221 708 ex
241 667 408 708 diverso
429 674 665 709 vertentem
685 682 858 722 surgere
878 674 1026 709 contra

74 726 226 768 obvius
251 732 293 768 et
317 732 408 768 toto
434 742 600 781 semper
625 727 847 768 decurrere
873 727 1047 769 mundo.

73 791 352 839 temporaque
371 785 572 827 obscurae
588 786 728 827 noctis
745 786 1006 841 deprendere
1025 786 1163 840 signis

74 844 162 885 iam
191 851 404 899 poterant,
434 844 684 899 caelumque
714 860 811 886 suas
840 845 1102 887 distinxerat
1132 846 1269 887 horas.

75 910 179 957 quot
203 909 301 958 post
325 903 545 945 excidium
573 904 728 945 Troiae
754 911 855 946 sunt
881 914 1003 946 eruta
1028 906 1184 958 regna!

74 969 179 1016 quot
201 962 333 1028 capti
342 962 518 1017 populi!
551 963 750 1018 quotiens
772 964 952 1005 fortuna
975 978 1050 1018 per
1073 979 1119 1005 01
1123 964 1218 1005 bem

73 1021 300 1063 servitium
321 1021 641 1087 imperiumque
663 1022 767 1064 tulit
788 1022 990 1077 varieque
1011 1038 1080 1064 rev
1085 1022 1211 1064 ertit!

75 1080 285 1121 Troianos
305 1081 468 1121 cineres
488 1081 534 1121 in
555 1088 766 1135 quantum
788 1081 924 1123 oblita
944 1082 1064 1123 refox
1068 1082 1103 1123 it

75 1139 333 1193 imperium!
380 1139 489 1180 fatis
519 1139 654 1180 Asiae
685 1140 774 1181 iam
804 1140 987 1181 Graecia
1019 1156 1161 1195 pressa
1194 1148 1268 1182 est.

75 1198 243 1240 saecula
270 1198 546 1240 dinumerare
574 1198 711 1253 piget,
742 1199 1025 1254 quotiensque
1054 1215 1273 1241 recurrens

75 1256 273 1298 lustrarit
301 1258 511 1298 mundum
539 1257 658 1298 vario
686 1258 748 1299 sol
774 1258 930 1312 igneus
958 1259 1070 1300 orbe.

74 1316 220 1357 omnia
247 1316 423 1357 mortali
451 1323 676 1358 mutantur
704 1317 799 1371 lege
828 1324 983 1367 creata,

74 1389 150 1415 nec
183 1390 225 1416 se
257 1382 519 1429 cognoscunt
553 1382 690 1417 terrae
723 1376 992 1418 xertentibus
1025 1376 1150 1418 annis

75 1442 226 1475 exutas
258 1434 424 1475 variam
456 1434 616 1476 faciem
649 1450 724 1490 per
756 1435 924 1477 saecula
958 1444 1119 1489 gentes.

75 1501 120 1534 at
146 1500 290 1534 manet
317 1493 547 1535 incolumis
572 1495 759 1535 mundus
786 1509 946 1549 suaque
971 1496 1118 1537 omnia
1144 1502 1297 1545 servat,

75 1567 183 1605 quae
217 1567 292 1593 nec
326 1552 456 1606 longa
489 1553 582 1594 dies
616 1560 746 1607 auget
780 1553 1028 1608 minuitque
1062 1562 1268 1604 senectus,

74 1625 150 1652 nec
181 1618 323 1652 motus
353 1619 513 1666 puncto
544 1619 694 1653 curvat
723 1628 954 1667 cursusque
986 1613 1175 1667 fatigat:

75 1669 191 1710 idem
224 1684 390 1724 semper
421 1670 517 1720 erit,
551 1672 756 1725 quoniam
789 1687 954 1726 semper
984 1672 1075 1713 fuit
1107 1672 1236 1713 idem.

75 1743 160 1769 non
189 1729 326 1770 alium
354 1729 499 1770 videre
529 1736 672 1784 patres
701 1730 889 1772 3111111110
920 1739 1094 1797 nepotes

77 1787 311 1842 aspicient.
343 1789 447 1829 deus
472 1796 548 1830 est
569 1789 649 1875 qui
677 1804 761 1830 non
787 1797 982 1831 mutatui
1006 1790 1052 1830 in
1078 1806 1193 1832 aev.o

1364 84 1418 125 19

1441 447 1492 472 500

1440 744 1493 768 505

1441 1041 1493 1065 510

1441 1338 1491 1361 515

75 1952 262 1985 verterunt
287 1955 313 1984 G
340 1950 453 1985 Graia
479 1953 691 1986 everterunt
715 1953 794 1985 M¹L
822 1952 929 1987 Graie
957 1956 1169 1988 everterunt
1193 1955 1247 1986 MS

133 1911 190 1937 490
216 1872 411 1938 reddere
396 1908 451 1937 LG
479 1873 626 1939 credere
653 1908 687 1937 M
801 1914 859 1938 415
886 1917 946 1940 aes
953 1906 1026 1940 tivo
1051 1907 1095 1940 Ι.1
1205 1914 1261 1941 501
1288 1907 1421 1942 Graiae

1337 1955 1421 1988 Per-

73 1999 197 2043 gama]
223 2009 290 2042 per
315 2009 451 2043 magna
471 1999 523 2032 Μ1
590 2006 647 2032 502
673 2000 804 2034 Arctos
825 2000 877 2032 Μ1
902 2001 1034 2035 Arctus
1055 2001 1165 2034 M²LG
1233 2009 1290 2035 505
1316 2014 1420 2035 mun-

75 2045 138 2091 do]
166 2045 268 2079 caelo
296 2046 341 2078 G¹
497 2053 554 2079 5οῖ
582 2048 729 2090 poterat
756 2050 782 2080 G
928 2055 985 2081 508
1011 2050 1102 2092 quot
1129 2053 1155 2082 G
1187 2049 1286 2092 quod
1313 2052 1372 2082 ML

74 2099 133 2126 509
159 2093 250 2136 quot
276 2096 304 2126 G
329 2094 427 2137 quod
454 2097 514 2127 ML
612 2100 668 2127 514
694 2093 862 2128 lustrarit
889 2099 916 2128 G
940 2095 1117 2130 lustraret
1141 2096 1185 2129 L¹
1211 2096 1361 2130 lustrari
1387 2100 1421 2128 M

74 2139 253 2174 lustrarat
276 2139 321 2173 Ι.2
441 2148 497 2174 516
522 2144 618 2176 terra
644 2141 895 2176 evertentibus
922 2146 956 2175 M
1030 2143 1136 2177 annis
1162 2147 1217 2176 LG
1245 2154 1360 2177 annos
1387 2147 1421 2175 M

118 2193 172 2220 517
201 2188 330 2221 exutas
356 2188 494 2222 variam
522 2188 604 2221 M²G
630 2188 813 2223 lunariam
841 2192 988 2224 exutam
1016 2192 1068 2223 M¹
1094 2192 1202 2224 xutas
1229 2191 1370 2224 variam
1395 2195 1419 2223 L

74 2236 109 2278 (e
135 2235 278 2270 initiale
303 2235 408 2274 deest)
547 2243 603 2269 519
629 2235 807 2270 minuitve
835 2238 954 2271 Revntl.
1095 2245 1152 2270 5-20
1178 2240 1315 2281 puncto
1343 2240 1422 2271 ML²

73 2283 186 2325 ponto
205 2282 280 2315 12¹6
353 2285 482 2317 curvat
501 2287 564 2316 MG
591 2285 711 2317 currat
729 2288 754 2316 L
805 2295 977 2319 cursusve
999 2285 1108 2319 Beni]
1193 2283 1247 2318 1521
1274 2285 1373 2319 idem
1395 2289 1420 2317 G

72 2328 190 2363 isdem
217 2332 278 2362 m.

1162 2391 1207 2418 9*
