1627 2517
61 121 95 144 v.
120 114 179 144 1-
189 112 234 143 44
455 107 646 143 MANILII
670 107 1017 142 ASTRONOMICA
1331 106 1412 148 101

68 224 144 260 aut
172 218 328 272 fugere
357 217 610 259 instantem.
650 232 739 258 sors
770 222 833 258 est
863 231 940 258 sua
969 215 1126 271 cuique
1155 215 1349 257 ferenda.

67 292 137 328 an,
166 277 255 318 nisi
282 277 378 319 fata
405 277 562 318 darent
589 276 707 330 leges
736 275 937 330 vitaeque
964 275 1180 330 necisque,

66 336 289 391 fugissent
315 335 442 391 ignes
467 335 679 385 Aeneam,
710 335 841 377 Troia
869 335 947 377 sub
978 350 1062 376 uno

65 411 153 438 non
181 410 328 437 eversa
354 395 447 437 viro
474 394 584 437 fatis
612 394 787 436 vicisset
816 394 862 435 in
891 394 1034 449 ipsis?
1436 414 1470 439 25

67 462 144 497 aut
176 455 280 510 lupa
313 455 526 510 proiectos
560 454 771 496 nutrisset
806 454 975 495 Martia
1008 454 1202 495 fratres?

67 514 210 556 Roma
234 514 344 556 casis
369 520 496 555 enata
520 514 650 563 foret,
678 514 979 568 pecudumque
1007 512 1209 567 magistri

67 574 115 615 in
141 573 393 628 Capitolino
419 573 665 615 sanxissent
688 573 881 614 fulmina
906 579 1066 622 monte,

67 632 287 674 includive
317 648 396 674 sua
423 632 638 688 potuisset
669 632 870 687 Iuppiter
901 632 1031 673 arce?

65 699 216 747 captus
241 698 283 734 et
309 692 388 746 (a)
412 692 551 747 captis
576 692 694 734 orbis
716 692 866 733 foret?
900 692 1002 746 igne
1025 692 1194 746 sepulto
1434 710 1470 735 30

65 751 319 793 vulneribus
345 751 480 793 victor
506 751 734 806 repetisset
760 750 937 792 Mucius
964 751 1149 792 urbem?

65 811 182 852 solus
214 817 256 853 et
288 810 501 866 oppositis
534 810 759 854 clausisset
794 809 1007 852 Horatius
1040 810 1172 851 armis

66 876 243 925 pontem
277 870 512 924 urbemque
547 870 714 912 simul?
757 869 946 925 rupisset
978 870 1157 911 foedera
1191 869 1350 924 virgo?

65 930 237 984 tresque
263 929 341 972 sub
368 929 499 971 unius
523 930 683 971 fratres
711 928 873 970 virtute
899 929 1124 970 iacerent?

65 988 188 1030 nulla
217 989 330 1030 acies
360 995 533 1032 tantum
565 989 684 1030 vicit.
726 989 942 1043 pendebat
974 989 1026 1030 ab
1058 1004 1142 1030 uno
1434 1006 1468 1032 35

65 1048 207 1089 Roma
234 1048 327 1090 viro
356 1063 626 1103 regnumque
656 1048 772 1089 orbis
802 1048 956 1090 sortita
985 1048 1168 1089 iacebat.

65 1108 173 1162 quid
197 1108 383 1149 referam
408 1108 580 1149 Cannas
605 1108 863 1162 admotaque
887 1107 1113 1149 moenibus
1138 1123 1270 1157 arma,

64 1166 388 1221 Varronemque
405 1167 516 1220 fuga
534 1181 758 1221 magnum,
779 1167 892 1222 quod
912 1166 983 1207 viv
987 1181 1055 1208 ere
1074 1173 1218 1221 posset

64 1232 247 1291 postque
269 1231 379 1275 tuos,
404 1226 670 1275 Trasimene‚
691 1224 811 1267 lacus
834 1225 1110 1280 Fabiumque
1134 1226 1411 1267 morantem.

63 1285 277 1340 accepisse
307 1284 464 1339 iugum
495 1284 633 1327 victae
666 1285 950 1351 Carthaginis
983 1300 1111 1335 ames,
1433 1305 1469 1330 40

62 1350 284 1399 speratum
310 1344 608 1386 Hannibalem
632 1344 792 1386 nostris
817 1344 1020 1386 cecidisse
1045 1344 1210 1386 catenis

64 1403 335 1459 exiliumque
361 1403 424 1445 rei
449 1403 620 1446 furtiva
646 1410 783 1446 morte
812 1404 978 1445 luisse?

57 1462 166 1504 adde
200 1464 331 1504 etiam
363 1463 479 1504 vires
510 1464 648 1505 Italas
687 1463 957 1518 Romamque
985 1463 1164 1505 suismet

57 1528 328 1577 pugnantem
344 1522 565 1573 membris,
584 1523 704 1565 adice
722 1529 765 1565 et
782 1521 931 1564 ciuilia
949 1523 1063 1565 bella

125 1621 164 1648 85
200 1615 327 1650 Claud.
355 1616 448 1650 Poll.
471 1620 555 1652 374:
594 1617 722 1660 ‘inque
748 1627 821 1650 uno
850 1644 855 1650 .
879 1644 886 1650 .
909 1644 915 1650 .
943 1615 1089 1649 refulsit
1116 1616 1233 1649 Roma
1260 1616 1351 1648 viro'

62 1669 102 1696 43
133 1662 307 1697 Lucan.1
328 1666 436 1697 2-3:
476 1663 745 1708 ‘populumque
774 1692 780 1698 .
804 1691 811 1698 .
834 1692 839 1697 .
867 1664 905 1697 111
932 1674 1000 1697 sua
1026 1662 1171 1697 victrici
1198 1673 1414 1697 conversum

66 1710 208 1744 viscera
233 1710 378 1744 dextra’
478 1718 603 1755 44sqq.
631 1711 705 1745 Iuv.
727 1711 759 1744 X
785 1714 973 1744 258—‘288

123 1800 162 1826 22
188 1795 324 1827 sortem
344 1793 396 1827 Μ’
420 1789 480 1838 (in
499 1800 558 1837 m.)
631 1805 698 1828 sua
725 1795 858 1838 cuique
879 1795 972 1829 Scal.
1008 1794 1190 1838 vacuique
1209 1798 1266 1827 LG
1301 1794 1412 1838 vassu-

65 1851 137 1884 que
157 1844 192 1873 M
218 1851 285 1875 sua
311 1840 421 1885 culpa
442 1842 529 1886 Rey.
557 1843 653 1876 Bon.
749 1848 786 1875 ‘23
813 1853 859 1875 an
880 1842 999 1877 Bentl.
1029 1841 1075 1877 ad
1097 1841 1194 1875 M¹L¹
1220 1842 1260 1875 at
1279 1840 1332 1874 Μ2
1356 1842 1413 1885 (in

60 1887 177 1932 m.L²)
205 1890 272 1922 aut
291 1892 319 1922 G
391 1896 429 1922 24
455 1889 641 1933 fugissent
660 1892 695 1922 M
720 1889 911 1923 fulsissent
930 1893 987 1923 LG
1059 1896 1097 1923 26
1122 1888 1308 1934 proiectus
1329 1891 1364 1921 M

61 1941 98 1968 27
125 1936 237 1970 enata
257 1939 319 1969 ML
347 1937 384 1970 et
409 1937 499 1970 nata
520 1939 547 1970 G
668 1943 705 1970 28
731 1936 939 1980 Capitolino
969 1965 975 1970 .
998 1964 1004 1971 .
1027 1964 1035 1972 .
1061 1939 1188 1971 monte
1208 1937 1276 1971 Br.
1303 1935 1412 1979 Capi-

59 1982 197 2018 tolinos
227 2011 232 2017 .
257 2010 264 2018 .
286 2010 292 2018 .
319 1984 465 2018 montes
486 1987 510 2017 0
603 1984 813 2018 sanxissent
832 1985 897 2019 Br
926 1984 1116 2019 auxissent
1137 1987 1160 2018 0
1252 1982 1413 2017 fulmina,

59 2030 171 2065 Huet.
198 2029 353 2065 flumina
373 2034 397 2065 0
489 2037 528 2064 30
555 2031 748 2077 <asScc1L
776 2031 894 2076 captis
916 2036 943 2065 G
969 2032 1184 2076 capitisML
1271 2037 1306 2064 31
1332 2031 1411 2063 Mu-

61 2076 139 2111 cius
158 2077 335 2124 urbem]
325 2079 468 2113 iuvenis
484 2078 609 2112 orbem
621 2082 655 2111 M
678 2078 818 2112 Mutius
833 2078 960 2113 orbem
973 2079 1017 2113 L¹
1042 2079 1180 2113 Mutius
1195 2078 1323 2112 urbem
1336 2077 1413 2111 171}

107 2130 146 2158 82
173 2125 224 2171 et]
251 2126 289 2159 et
313 2125 353 2159 in
372 2125 417 2159 Ll
501 2132 540 2159 33
565 2128 717 2170 pontem
737 2129 801 2159 ΜΕ
826 2128 990 2160 montem
1008 2131 1033 2160 L
1108 2133 1145 2159 36
1172 2125 1310 2160 iacebit
1329 2127 1363 2156 Μ

60 2177 99 2205 88
124 2171 216 2216 fuga
235 2173 355 2208 Bentl.
381 2185 523 2217 pugum
544 2176 568 2207 0
643 2174 742 2217 quod
762 2175 882 2208 Bentl.
911 2185 1022 2218 quam
1043 2177 1066 2207 Ο
1151 2174 1278 2216 posset
1295 2171 1411 2207 Jacob

59 2219 180 2263 possit
200 2222 224 2253 0
321 2226 360 2253 39
386 2225 469 2256 ante
493 2232 525 2256 v
546 2224 594 2256 38
621 2222 808 2256 οοῖῑοεαυιτ
824 2221 938 2257 Jacob
1010 2220 1224 2255 Trasimene
1242 2223 1267 2253 L
1295 2219 1411 2253 Thar-

62 2277 240 2310 symenne
259 2269 295 2300 M
320 2267 513 2302 Tasimene
534 2271 560 2301 G
669 2276 708 2302 4⁰
733 2268 786 2303 rei
808 2272 835 2302 G
859 2269 940 2314 rogi
960 2271 995 2302 M
1019 2268 1099 2313 regi
1118 2272 1143 2301 L
1249 2273 1289 2300 43
1316 2266 1411 2300 vires

61 2312 176 2348 Italas
198 2317 226 2348 G
250 2313 365 2348 Italas
385 2314 483 2349 acies
504 2318 539 2348 M
562 2315 676 2350 Italas
696 2315 740 2349 L¹
766 2315 878 2350 Italas
898 2316 995 2351 vires
1014 2297 1082 2349 Lilo
1084 2314 1236 2349 Italicas
1256 2314 1352 2348 vires
1365 2313 1412 2348 1.³

109 2367 148 2394 44
179 2361 284 2395 adice
305 2362 415 2395 ML¹G
441 2363 544 2397 adice
572 2364 609 2397 et
626 2363 672 2396 L‘2
697 2366 752 2405 (ss.
781 2365 817 2397 et
840 2365 936 2399 mter
961 2362 1085 2397 civilia
1111 2366 1143 2397 et
1167 2361 1278 2406 bella)
