1627 2517
75 146 107 169 v.
130 137 316 168 637-693
469 132 658 167 MANILII
683 131 1030 167 ASTRONOMICA
1371 131 1426 171 525

78 242 148 283 hic
181 242 395 284 terrestris
428 241 524 291 erit,
559 240 662 296 quia
695 248 853 282 terram
887 240 1167 294 amplectitur
1198 239 1327 287 orbis,

83 304 138 354 [et
162 301 374 343 mundum
398 301 525 356 pleno
549 299 795 355 praecingit
821 299 964 340 limite
988 300 1137 353 gyrus]

78 367 207 416 atque
234 376 258 402 a
283 361 380 402 fine
406 360 581 402 trahens
608 359 790 401 titulum
818 365 1082 400 memoratur
1110 357 1299 399 horizon.

136 420 206 461 his
233 419 354 462 adice
381 419 579 474 obliquos
605 419 868 473 adversaque
895 417 980 459 fila
1007 417 1218 459 trahentis

78 479 193 521 inter
223 494 266 521 se
297 494 440 533 gyros,
472 494 655 533 quorum
686 477 910 532 fulgentia
941 478 1067 532 signa

77 538 186 580 alter
213 537 356 589 habet,
383 553 458 593 per
485 553 594 593 quae
622 537 823 579 Phoebus
848 537 1098 578 moderatur
1126 536 1326 584 habenas,

77 597 440 653 subsequiturque
462 613 536 639 suo
559 597 691 639 solem
714 611 825 651 vaga
848 595 979 637 Delia
1001 611 1141 645 curru,

74 663 115 697 et
137 655 328 711 quinque
350 656 526 698 adverso
547 655 761 697 luctantia
780 655 924 697 sidera
944 655 1105 696 mundo

77 722 275 758 exercent
302 715 444 758 varias
472 722 653 757 naturae
680 715 777 769 lege
804 715 991 757 choreas.

76 775 189 816 hunc
214 781 332 817 tenet
357 791 381 817 a
406 790 574 816 summo
599 775 776 824 Cancer,
803 774 1093 829 Capricornus
1120 773 1172 814 ab
1198 772 1300 822 imo,

77 834 144 876 bis
171 834 342 889 recipit,
370 834 510 876 lucem
539 833 615 889 qui
643 834 828 876 circulus
857 839 1013 888 aequat
1042 840 1083 874 et
1113 833 1300 881 umbras,

78 893 288 948 Lanigeri
318 900 360 936 et
390 893 550 935 Librae
580 893 705 948 signo
737 908 813 935 sua
841 893 926 934 fila
957 900 1184 934 secantem.

76 953 138 994 sic
163 968 239 1008 per
266 959 351 994 tres
378 968 509 1007 gyros
534 952 730 994 inflexus
754 952 932 994 ducitur
959 951 1074 994 orbis

76 1019 275 1067 rectaque
301 1013 462 1054 devexo
487 1012 612 1054 fallit
637 1012 824 1066 vestigia
850 1011 984 1062 clivo;

76 1086 152 1113 nec
180 1071 297 1113 visus
325 1071 547 1126 aciemque
574 1071 698 1125 fugit
727 1078 984 1126 tantumque
1013 1070 1156 1112 notari

76 1137 220 1172 mente
242 1137 397 1185 potest,
423 1130 534 1172 sicut
557 1136 793 1171 cernuntur
817 1136 959 1171 mente
981 1129 1159 1184 priores,

77 1190 150 1231 sed
181 1189 295 1231 nitet
325 1188 498 1244 ingenti
532 1190 730 1231 stellatus
764 1189 931 1231 balteus
963 1189 1063 1231 orbe

77 1248 381 1304 insignemque
399 1249 511 1290 facit
528 1249 692 1290 caelato
712 1249 877 1290 lumine
896 1249 1107 1290 mundum

77 1314 118 1349 et
142 1314 207 1350 ter
230 1308 400 1350 vicenas
424 1314 568 1363 partes
592 1314 713 1362 patet
737 1314 866 1362 atque
891 1314 1102 1349 trecentas

76 1367 124 1408 in
153 1367 357 1422 longum;
396 1367 463 1409 bis
494 1383 566 1409 sex
598 1367 769 1409 latescit
797 1367 936 1409 fascia
968 1374 1125 1422 partes,

77 1441 185 1481 quae
209 1426 381 1469 cohibet
405 1426 525 1469 vario
550 1426 744 1468 labentia
770 1425 911 1468 sidera
934 1441 1075 1468 cursu.

76 1486 185 1527 alter
215 1486 262 1527 in
293 1487 520 1528 adversum
550 1485 718 1541 positus
749 1485 939 1528 succedit
969 1486 1023 1527 ad
1054 1486 1213 1527 Arctos

76 1551 118 1586 et
137 1546 316 1600 paulum
336 1561 360 1587 a
379 1545 530 1587 boreae
551 1560 659 1599 gyro
679 1561 755 1587 sua
774 1545 859 1587 fila
878 1545 1046 1587 reducit

77 1604 320 1660 transitque
344 1604 539 1646 inversae
567 1620 642 1660 per
669 1605 810 1646 sidera
838 1603 1098 1659 Cassiepiae.

77 1663 179 1705 inde
208 1678 284 1718 per
315 1663 541 1719 obliquum
572 1664 830 1706 descendens
861 1663 1007 1717 tangit
1039 1663 1213 1704 Olorem

77 1722 346 1777 aestivosque
379 1730 493 1765 secat
524 1723 641 1765 sines
674 1723 974 1778 Aquilamque
1008 1722 1210 1777 supinam

77 1789 355 1836 temporaque
375 1788 632 1837 aequantem
654 1797 812 1836 gyrum
833 1797 1068 1836 zonamque
1088 1782 1299 1823 ferentem

78 1840 193 1882 Solis
219 1856 349 1896 equos
374 1841 488 1883 inter
514 1842 709 1890 caudam,
739 1857 821 1896 qua
850 1841 1054 1896 Scorpius
1081 1842 1216 1890 ardet,

77 1907 400 1955 extremamque
431 1900 648 1954 Sagittari
679 1901 845 1942 laevam
876 1907 1005 1955 atque
1037 1900 1271 1955 Sagittam.

77 1958 179 2001 inde
203 1974 300 2001 suos
323 1959 470 2002 sinuat
492 1960 638 2002 flexus
663 1975 738 2015 per
761 1975 885 2001 crura
910 1960 1121 2015 pedesque

78 2018 287 2060 Centauri
319 2019 499 2061 alterius
530 2034 761 2073 rursusque
793 2019 1016 2060 ascendere
1048 2019 1213 2061 caelum

134 2153 192 2179 664
218 2146 330 2190 pleno
356 2150 391 2180 M
416 2146 530 2190 plano
555 2150 631 2190 LG3
657 2158 796 2182 versum
823 2147 1014 2182 damnavit
1038 2147 1160 2181 Bentl.
1275 2153 1333 2178 665
1359 2144 1422 2178 ho-

73 2193 192 2239 rizon]
219 2193 343 2228 orizon
369 2197 426 2228 LG
451 2193 575 2229 orison
594 2197 629 2227 M
676 2197 757 2239 post
781 2194 812 2228 h.
834 2206 883 2229 v.:
911 2194 956 2229 de
982 2193 1134 2229 zodiaco
1157 2195 1193 2228 et
1213 2193 1333 2227 lacteo
1354 2192 1424 2226 cir-

75 2240 167 2274 culis
187 2245 212 2274 L
239 2242 293 2285 (in
311 2253 355 2276 m.
377 2242 424 2285 M)
451 2241 497 2275 de
522 2241 673 2276 zodiaco
699 2241 818 2276 lacteo
839 2245 866 2275 Gr
962 2248 1021 2274 669
1047 2252 1113 2276 om.
1135 2244 1169 2273 M
1265 2246 1323 2272 675
1349 2241 1424 2273 tres

74 2291 130 2321 LG
153 2288 261 2323 terris
281 2291 317 2321 M
412 2294 471 2322 683
497 2300 642 2323 cursum
664 2292 699 2321 M
789 2294 849 2322 684
873 2287 1015 2332 positus
1036 2289 1156 2322 Bentl.
1183 2286 1325 2331 positos
1345 2286 1425 2319 ΜῙ,1

74 2335 216 2378 positas
240 2335 315 2369 L²G
452 2342 510 2369 685
537 2336 585 2370 ad
610 2336 744 2370 boreae
771 2335 871 2379 giros
898 2339 925 2369 G
1056 2342 1115 2368 686
1140 2336 1317 2378 transque
1343 2337 1378 2366 M

76 2381 223 2416 Cassioe
248 2382 309 2426 pie
335 2386 370 2416 M
395 2382 589 2427 Casiepiae
615 2387 671 2416 LG
766 2390 826 2416 696
852 2382 957 2426 equis
983 2385 1017 2414 M

1445 373 1496 398 665

1445 671 1497 696 670

1445 967 1495 991 675

1445 1264 1496 1288 680

1444 1560 1494 1585 6⁵5

1444 1856 1494 1880 62⁹0
