1627 2517
47 1783 127 1809 Font

186 80 251 114 XII
727 80 998 115 PRAEFATIO

244 192 384 241 Neque
411 192 629 230 audiendus
650 194 710 231 est
728 192 830 230 idem
851 193 1057 231 Bentleius
1079 193 1316 232 contendens
1337 193 1539 233 Romanos

185 251 282 290 adeo
308 253 463 289 mature
489 252 664 289 nondum
690 252 929 302 astrologiae
955 264 1115 302 operam
1141 253 1305 301 dedisse,
1337 265 1430 291 nam
1454 254 1535 292 iam

185 312 275 349 ante
313 310 523 348 Manilium
560 311 749 349 scientiae
784 311 945 349 siderali
979 311 1216 350 studuerunt
1246 311 1298 349 M.
1326 312 1536 352 Terentius

183 370 323 417 Varro,
349 371 459 409 cuius
486 370 786 420 disciplinarum
813 370 913 409 liber
938 373 1069 409 sextus
1095 373 1204 409 totus
1231 373 1314 409 erat
1341 371 1387 409 de
1409 374 1534 410 astro-

183 429 290 480 logia
306 424 338 480 1)
372 432 411 467 et
442 429 483 466 P.
510 429 698 481 Nigidius
724 429 910 480 Figulus,
944 432 985 468 in
1022 431 1131 468 cuius
1167 443 1283 480 opere
1320 431 1533 480 separatim

182 489 349 537 sphaera
375 490 608 539 graecanica
634 491 673 527 et
697 489 866 538 sphaera
890 489 1099 528 barbarica
1124 489 1399 528 tractabantur
1415 484 1461 542 8),
1492 492 1533 528 et

182 547 224 586 L.
252 548 440 586 Tarutius
474 548 701 597 Firmanus,
741 550 809 597 qui
834 548 1012 587 Varrone
1052 550 1178 588 amico
1213 551 1379 599 rogante
1416 548 1530 588 horo-

182 619 344 657 scopum
374 606 483 644 urbis
511 607 656 646 Romae
689 602 983 657 computavit.3)
1030 608 1194 646 Nullum
1225 611 1358 646 tamen
1389 608 1529 646 horum

183 668 388 705 auctorum
413 666 600 705 Manilius
633 667 733 705 adiit
763 667 826 704 vel
851 667 1051 706 consuluit
1076 668 1114 704 in
1143 669 1314 706 carmine
1341 679 1412 705 suo
1440 680 1546 722 con-¹

183 725 321 773 dendo,
347 726 451 763 sicut
476 726 560 774 ipse
586 726 794 775 profitetur
818 728 859 763 in
887 726 1046 765 exordio
1074 722 1111 779 (Ι
1134 721 1291 779 1sqq.):

393 810 567 847 carmine
594 808 748 848 divinas
775 811 880 848 artes
907 812 947 847 et
972 810 1127 848 conscia
1153 809 1227 848 fati

394 868 535 916 sidera,
561 867 736 907 diversos
761 869 968 906 hominum
993 869 1191 907 variantia
1217 881 1341 917 casus,

394 927 573 966 caelestis
599 928 767 966 rationis
794 940 904 978 opus,
930 928 1121 967 deducere
1147 928 1294 967 mundo

395 986 606 1036 aggredior
628 988 857 1037 primusque
882 989 996 1026 novis
1021 987 1215 1026 Helicona
1239 999 1396 1026 movere

393 1046 574 1084 cantibus
600 1048 638 1084 et
663 1046 782 1085 viridi
806 1046 985 1085 nutantis
1010 1048 1156 1085 vertice
1181 1046 1314 1094 silvas,

392 1106 543 1152 hospita
561 1117 678 1144 sacra
696 1106 824 1152 ferens
843 1105 945 1143 nulli
964 1107 1181 1144 memorata
1201 1107 1388 1155 priorum,

179 1199 306 1236 neque
332 1187 463 1226 minus
483 1187 661 1237 superbe,
686 1190 898 1237 postquam
918 1190 1029 1227 vates
1050 1189 1270 1238 superiores
1290 1190 1525 1238 percensuit,

179 1245 365 1283 carminis
392 1248 453 1283 sui
478 1247 699 1285 novitatem
725 1249 898 1285 testatur
921 1247 963 1285 Π
985 1249 1037 1286 57
1049 1260 1151 1296 sqq.:

326 1331 461 1366 nostra
486 1329 645 1377 loquar:
670 1328 772 1366 nulli
796 1331 932 1366 vatum
958 1328 1185 1367 debebimus
1212 1341 1279 1367 ora

327 1399 398 1425 nec
422 1388 572 1425 furtum
599 1387 667 1425 sed
694 1400 790 1437 opus
817 1386 962 1436 veniet,
989 1388 1150 1437 soloque
1174 1388 1356 1426 volamus

325 1447 365 1483 in
393 1446 544 1484 caelum
571 1459 700 1494 curru,
725 1447 887 1496 propria
911 1448 997 1485 rate
1022 1447 1205 1496 pellimus
1232 1447 1367 1485 undas.

177 1539 319 1588 Itaque
350 1540 536 1578 Manilius
567 1540 763 1590 gloriatur
793 1552 870 1577 non
903 1540 1071 1577 aliorum
1102 1543 1310 1588 poetarum
1324 1537 1360 1592 4)
1393 1554 1433 1580 se
1464 1544 1522 1580 in-

178 1600 314 1636 sistere
347 1598 524 1650 vestigiis
557 1598 623 1637 sed
656 1611 800 1637 novam
825 1600 1031 1637 materiem
1056 1601 1230 1649 primum
1256 1600 1524 1640 Romanorum

178 1658 354 1696 versibus
388 1660 579 1705 tractare,
611 1658 750 1696 deinde
783 1670 822 1696 se
857 1655 1029 1707 ‘hospita
1061 1670 1172 1697 sacra
1198 1656 1328 1707 ferre’‚
1361 1660 1398 1698 h.
1425 1673 1455 1698 e.
1483 1673 1523 1700 se

177 1729 334 1754 carmen
360 1729 531 1766 pangere
559 1730 578 1754 e
604 1717 780 1755 fontibus
806 1718 1024 1768 peregrinis
1045 1712 1109 1769 (=
1125 1713 1302 1770 Graecis)
1324 1719 1521 1760 haustum.

128 1791 159 1809 es
179 1774 255 1820 Qui
286 1777 442 1814 fontes
473 1776 535 1813 illi
566 1776 731 1825 fuerint,
762 1777 879 1814 multi
911 1771 995 1815 viri
1019 1776 1125 1814 docti
1161 1777 1350 1828 indagare
1384 1779 1522 1817 studu-

177 1837 302 1882 erunt,
328 1837 418 1884 post
437 1835 676 1884 Woltjerum
691 1829 724 1887 ⁵)
752 1838 791 1873 et
815 1835 1041 1874 Lansonum
1056 1830 1101 1888 ⁶),
1128 1836 1321 1885 imprimis
1347 1837 1409 1875 Fr.
1431 1837 1522 1876 Bol-

240 1949 272 1991 1)
300 1947 459 1982 Bechert
484 1948 530 1983 de
558 1948 605 1982 M.
633 1948 732 1983 Man.
760 1950 855 1982 Astr.
884 1951 997 1993 poeta.
1022 1961 1057 1993 p.
1081 1953 1110 1982 7.

237 1997 272 2040 2)
299 1994 380 2029 Boll
407 1994 573 2039 Sphaera
598 2007 631 2040 p.
655 1998 734 2029 357.
951 1998 985 2035 3)
1011 1995 1063 2031 Id.
1090 2008 1124 2040 p.
1146 2000 1224 2030 373.

236 2044 271 2086 4)
297 2041 452 2077 Bechert
483 2042 506 2077 l.
534 2041 557 2077 l.
590 2054 626 2087 p.
648 2045 710 2077 20:
753 2043 880 2086 ‘atqui
917 2042 1009 2077 talia
1042 2045 1192 2087 poetam
1229 2044 1273 2078 de
1306 2055 1344 2079 se
1375 2044 1523 2088 praedi-

178 2091 347 2125 caturum
378 2089 493 2124 fuisse
524 2100 598 2124 non
631 2092 687 2124 est
713 2089 901 2134 credibile,
935 2090 966 2125 si
993 2090 1194 2126 etiamtunc
1220 2091 1381 2136 Augusti
1407 2103 1522 2136 nepos

174 2138 398 2173 Arateorum
435 2136 720 2171 Phaenomenon
758 2137 965 2172 versionem
1001 2137 1172 2172 Latinam
1211 2138 1250 2171 in
1288 2137 1407 2173 lucem
1445 2139 1523 2174 edi-

178 2184 320 2227 disset’,
346 2184 391 2219 cf.
418 2196 454 2228 p.
475 2183 533 2218 XI.

237 2234 271 2277 5)
297 2230 456 2276 Woltjer
476 2230 599 2276 Progr.
613 2232 722 2267 Gron.
745 2232 900 2276 (1881s2)
922 2243 956 2276 p.
972 2236 1034 2266 50:
1070 2231 1343 2277 ‘Hipparchum
1365 2233 1400 2267 ei
1419 2233 1522 2278 igno-

174 2282 253 2315 tum
279 2278 394 2313 fuisse
418 2278 626 2313 videbimus
655 2306 660 2312 .
684 2306 690 2312 .
714 2307 721 2313 .
749 2278 852 2313 Arati
877 2278 1138 2314 Phaenomena
1164 2279 1286 2325 legit’.

237 2328 271 2371 6)
298 2326 445 2360 Lanson
471 2325 517 2360 de
543 2325 640 2359 Man.
670 2338 703 2370 p.
732 2327 852 2370 (1887)
878 2338 912 2370 p.
936 2329 991 2361 53.
