1627 2517
610 103 883 139 PRAEFATIO
1397 106 1430 141 V

81 231 146 257 sus
179 219 346 257 collatus
379 230 462 257 esse
487 217 663 265 videtur,
694 229 820 266 neque
846 217 932 265 ipse
957 216 1142 254 librarius
1169 218 1285 256 homo
1311 219 1429 267 plane

75 277 262 316 indoctus
286 278 376 326 fuit,
400 276 537 315 multis
562 276 658 315 locis
685 276 899 326 genuinam
924 275 1133 314 lectionem
1159 277 1273 315 nobis
1299 289 1429 316 serva-

77 338 148 375 vit.
180 337 272 375 Non
296 349 376 375 una
400 349 521 374 manu
545 337 716 385 scriptus
742 336 811 383 est,
838 337 884 373 ut
908 334 1164 385 Matritensis,
1196 336 1264 374 sed
1290 337 1380 375 inde
1407 350 1430 375 a

79 408 194 434 vorsu
214 396 251 433 V
267 399 288 434 1
319 391 405 448 (fol.
427 390 502 448 80)
529 396 656 434 altera
675 406 817 432 manus
837 395 994 433 litteras
1013 395 1133 444 paulo
1153 396 1321 434 maiores
1342 397 1431 446 pin-

78 468 173 506 gens
192 455 334 505 incipit
354 457 394 493 et
413 455 541 493 officio
562 467 632 493 suo
651 455 836 505 fungitur
855 466 978 503 usque
998 454 1048 491 ad
1068 454 1104 491 V
1120 456 1203 494 289
1226 450 1311 508 (fol.
1328 452 1430 508 86¹),

77 514 145 552 ubi
174 516 285 564 prior
314 527 455 553 manus
487 515 662 564 quinque
693 525 828 551 versus
860 513 1056 563 exaravit,
1087 513 1227 552 deinde
1253 515 1432 564 sequitur

78 575 204 612 altera
229 586 354 623 usque
381 574 430 612 ad
450 587 486 612 v.
503 574 586 612 395
609 568 694 625 (fol.
712 567 820 625 88¹³),
845 572 913 609 ubi
933 572 1077 611 iterum
1097 575 1273 623 quinque
1294 587 1430 613 versus

77 646 100 671 a
130 646 253 671 manu
282 634 413 683 priore
446 633 582 683 scripti
615 634 706 671 sunt
739 627 1032 685 (395—398),
1064 634 1150 671 tum
1181 633 1306 672 altera
1332 647 1430 683 opus

75 704 191 731 suum
223 693 430 731 continuat
460 705 586 741 usque
620 692 670 730 ad
694 705 730 730 v.
753 691 835 729 556
872 686 956 744 (fol.
980 686 1088 743 921),
1120 693 1189 730 ubi
1220 694 1329 742 prior
1353 696 1429 731 ter-

74 752 177 790 tium
208 752 312 790 redit
344 755 384 790 et
415 764 539 801 usque
567 751 617 789 ad
641 751 759 789 finem
785 763 921 789 versus
947 751 1187 790 Manilianos
1213 753 1430 791 describere

74 812 219 862 pergit.
251 812 385 850 Etiam
411 813 453 849 in
480 810 786 849 correctionibus
812 811 944 859 plures
965 805 1084 863 (tres)
1104 824 1245 850 manus
1265 815 1432 861 possunt

74 869 280 921 distingui,
315 883 416 919 quae
449 883 527 916 non
560 883 637 908 uno
671 869 884 919 eodemque
915 872 1092 919 tempore
1119 870 1244 908 codici
1271 884 1430 920 operam

74 929 281 968 dederunt.
320 929 569 979 Ubicumque
594 932 639 967 M
666 931 705 967 et
731 932 767 967 1.
792 929 897 967 inter
923 942 963 968 se
991 930 1255 978 consentiunt,
1282 933 1430 969 certum

75 991 136 1027 est
159 990 289 1039 ipsam
316 989 522 1038 archetypi
548 989 760 1027 lectionem
786 988 899 1027 nobis
920 989 1106 1036 exhiberi,
1132 1003 1225 1027 nam
1244 990 1430 1029 librarius

74 1048 220 1087 codicis
245 1051 292 1087 M
330 1061 484 1098 semper
522 1048 630 1086 dedit
663 1048 769 1097 quod
800 1048 931 1097 legere
964 1048 1040 1087 sibi
1071 1049 1291 1098 Videbatur,
1331 1051 1430 1087 nihil

72 1108 256 1158 mutavit,
282 1107 382 1145 nihil
410 1107 574 1155 addidit,
600 1110 808 1155 tamquam
833 1108 1017 1146 machina
1043 1108 1239 1156 quaedam
1261 1110 1431 1158 scripsit,

71 1170 108 1205 L
139 1179 232 1206 vero
265 1166 305 1204 in
338 1166 542 1205 scribendo
574 1178 873 1215 nonnumquam
898 1167 1071 1214 fallitur,
1102 1167 1245 1205 menda
1271 1180 1342 1206 sua
1368 1169 1431 1206 vel

73 1226 291 1276 archetypi,
329 1238 430 1275 quae
465 1225 591 1263 cuivis
624 1225 762 1263 lectori
794 1226 882 1263 luce
915 1225 1083 1263 clariora
1115 1228 1219 1275 sunt,
1254 1229 1429 1277 corrigit,

74 1287 196 1324 etiam
223 1285 274 1323 ad
299 1284 558 1334 archetypum
585 1284 812 1332 revertitur,
845 1287 890 1322 ut
916 1297 1049 1323 veram
1074 1286 1283 1324 lectionem
1312 1298 1430 1335 quae-

72 1346 148 1394 rat,
182 1344 382 1382 rarissime
418 1339 726 1396 interpolavit.¹)
778 1343 842 1381 Ita
879 1344 1030 1382 codices
1065 1345 1165 1382 alter
1198 1346 1315 1383 alteri
1347 1359 1431 1385 suc-

73 1406 247 1453 currunt,
274 1404 342 1442 sed
368 1415 457 1441 cum
481 1403 563 1442 iam
589 1403 827 1453 archetypus
848 1404 1072 1442 mendosior
1091 1404 1213 1443 fuisse
1233 1405 1430 1453 videatur,

75 1463 126 1501 ad
144 1465 231 1513 ipsa
250 1463 407 1501 Manilii
426 1462 547 1501 verba
566 1464 773 1512 penetrare
794 1463 877 1500 sine
898 1464 1058 1513 ingenio
1080 1463 1286 1514 Scaligeri,
1310 1466 1429 1502 Bent-

74 1523 143 1561 leii
168 1523 416 1572 aliorumque
443 1534 558 1572 saepe
585 1522 806 1571 nequimus.

133 1582 274 1620 Restat
310 1583 452 1620 tertius
484 1581 604 1619 codex
636 1580 997 1619 Gemblacensis
1031 1577 1130 1633 (G),
1170 1583 1264 1620 olim
1295 1596 1429 1622 mona-

74 1642 188 1680 sterii
219 1640 531 1689 Gemblacensis‚
564 1653 667 1679 nunc
701 1640 970 1680 Bruxellensis
1002 1640 1264 1680 bibliothecae
1296 1643 1429 1694 regiae

77 1696 157 1754 (no.
175 1695 357 1752 10012),
383 1700 716 1748 membranaceuS,
737 1700 892 1738 saeculo
906 1699 962 1737 XI
982 1703 1226 1750 perscriptus
1237 1697 1282 1754 2),
1303 1703 1431 1740 forma

77 1760 281 1798 octonaria
313 1759 499 1797 foliorum
522 1760 604 1797 125
632 1759 672 1796 in
700 1761 1008 1808 quaternionum
1033 1760 1191 1798 modum
1219 1762 1429 1811 complica-

70 1821 218 1867 torum,
251 1831 420 1868 quorum
451 1819 549 1856 folia
572 1819 744 1856 1-100
777 1831 935 1856 carmen
966 1819 1134 1868 Manilii,
1166 1821 1321 1870 reliqua
1347 1821 1429 1858 Pri-

78 1879 204 1917 sciani
238 1878 491 1928 grammatici
526 1877 751 1927 Periegesin
788 1878 982 1916 exhibent.
1035 1878 1224 1930 Singulae
1259 1882 1429 1931 paginae

78 1940 171 1976 sunt
201 1949 387 1975 versuum
421 1937 648 1975 vicenorum
681 1937 944 1987 singulorum,
978 1938 1044 1975 sed
1077 1938 1166 1976 inde
1200 1952 1223 1976 a
1256 1940 1351 1977 folio
1374 1941 1426 1978 49

79 1992 160 2048 (ΠΙ
180 1991 255 2048 96)
287 1996 351 2034 hic
382 2008 568 2034 numerus
601 1996 650 2033 ad
682 1997 839 2034 vicenos
864 1996 976 2035 binos
1003 1999 1141 2035 auctus
1169 1994 1276 2051 estff)
1327 1999 1429 2036 Usus

80 2067 167 2094 sum
198 2055 407 2094 collatione
439 2055 556 2093 huius
589 2055 751 2103 codiciS,
785 2056 905 2104 quam
930 2069 965 2093 v.
992 2056 1036 2095 cl,
1065 2056 1108 2095 P.
1130 2058 1363 2096 Thomasius
1389 2058 1428 2094 in

78 2114 440 2153 Lucubrationibus
465 2114 693 2152 Manilianis
721 2109 842 2165 (anno
872 2110 1005 2165 1888)
1032 2116 1173 2163 edidit,
1205 2130 1275 2155 nec
1301 2117 1429 2154 minus

142 2218 176 2261 1)
203 2215 256 2251 Cf.
276 2216 309 2250 V
323 2219 408 2251 389:
436 2218 491 2252 olo
517 2221 665 2251 taureus
684 2219 731 2258 M,
757 2217 853 2251 color
873 2204 1006 2252 aureus
1025 2194 1062 2260 L,
1089 2219 1165 2253 olm·
1184 2229 1318 2253 aureus
1337 2217 1427 2262 Reg.

141 2264 177 2308 2)
203 2263 256 2298 cf.
282 2263 493 2298 Traubeum
522 2264 623 2307 apud
648 2262 940 2307 Thielscherum‚
966 2277 1003 2309 p.
1025 2268 1102 2299 122.

84 2369 108 2400 p
140 2310 377 2391 ἓζὲθοὶιθτῒι,
413 2311 458 2345 de
492 2311 538 2345 M.
565 2309 710 2344 Manilii
747 2311 969 2347 emendandi
1004 2311 1149 2345 ratione
1185 2314 1295 2355 (anno
1325 2313 1428 2354 1878)
