<?xml version="1.0" encoding="UTF-8"?>
<!DOCTYPE html PUBLIC "-//W3C//DTD XHTML 1.0 Transitional//EN"
    "http://www.w3.org/TR/xhtml1/DTD/xhtml1-transitional.dtd">
<html xmlns="http://www.w3.org/1999/xhtml" xml:lang="en" lang="en">
 <head>
  <title>
</title>
<meta http-equiv="Content-Type" content="text/html;charset=utf-8" />
  <meta name='ocr-system' content='tesseract 3.04.00' />
  <meta name='ocr-capabilities' content='ocr_page ocr_carea ocr_par ocr_line ocrx_word'/>
</head>
<body>
  <div class='ocr_page' id='page_1' title='image "astronomicaedidi00maniuoft_0134.png"; bbox 0 0 1627 2517; ppageno 0'>
   <div class='ocr_carea' id='block_1_1' title="bbox 131 1209 165 1234">
    <p class='ocr_par' dir='ltr' id='par_1_1' title="bbox 131 1209 165 1234">
     <span class='ocr_line' id='line_1_1' title="bbox 131 1209 165 1234; baseline 0.029 -1"><span class='ocrx_word' id='word_1_1' title='bbox 131 1209 165 1234; x_wconf 87' lang='lat'>10</span> 
     </span>
    </p>
   </div>
   <div class='ocr_carea' id='block_1_2' title="bbox 132 1505 165 1530">
    <p class='ocr_par' dir='ltr' id='par_1_2' title="bbox 132 1505 165 1530">
     <span class='ocr_line' id='line_1_2' title="bbox 132 1505 165 1530; baseline 0 0"><span class='ocrx_word' id='word_1_2' title='bbox 132 1505 165 1530; x_wconf 84' lang='lat'>15</span> 
     </span>
    </p>
   </div>
   <div class='ocr_carea' id='block_1_3' title="bbox 132 1801 165 1825">
    <p class='ocr_par' dir='ltr' id='par_1_3' title="bbox 132 1801 165 1825">
     <span class='ocr_line' id='line_1_3' title="bbox 132 1801 165 1825; baseline 0 0"><span class='ocrx_word' id='word_1_3' title='bbox 132 1801 165 1825; x_wconf 82' lang='lat'>20</span> 
     </span>
    </p>
   </div>
   <div class='ocr_carea' id='block_1_4' title="bbox 598 552 1122 607">
    <p class='ocr_par' dir='ltr' id='par_1_4' title="bbox 598 552 1122 607">
     <span class='ocr_line' id='line_1_4' title="bbox 598 552 1122 607; baseline 0.002 -8"><span class='ocrx_word' id='word_1_4' title='bbox 598 553 790 600; x_wconf 78' lang='lat' dir='ltr'>LIBER</span> <span class='ocrx_word' id='word_1_5' title='bbox 828 552 1122 607; x_wconf 82' lang='lat' dir='ltr'><strong>QUARTUS</strong></span> 
     </span>
    </p>
   </div>
   <div class='ocr_carea' id='block_1_5' title="bbox 185 656 1531 1898">
    <p class='ocr_par' dir='ltr' id='par_1_5' title="bbox 185 656 1531 1898">
     <span class='ocr_line' id='line_1_5' title="bbox 246 656 1353 711; baseline -0.002 -12"><span class='ocrx_word' id='word_1_6' title='bbox 246 656 366 711; x_wconf 78' lang='lat' dir='ltr'>Quid</span> <span class='ocrx_word' id='word_1_7' title='bbox 393 663 482 699; x_wconf 87' lang='lat' dir='ltr'>tam</span> <span class='ocrx_word' id='word_1_8' title='bbox 510 657 713 699; x_wconf 80' lang='lat' dir='ltr'>sollicitis</span> <span class='ocrx_word' id='word_1_9' title='bbox 740 658 875 698; x_wconf 83' lang='lat' dir='ltr'>vitam</span> <span class='ocrx_word' id='word_1_10' title='bbox 905 658 1199 699; x_wconf 81' lang='lat' dir='ltr'>consumimus</span> <span class='ocrx_word' id='word_1_11' title='bbox 1228 656 1353 699; x_wconf 84' lang='lat' dir='ltr'>annis</span> 
     </span>
     <span class='ocr_line' id='line_1_6' title="bbox 185 717 1323 782; baseline -0.001 -23"><span class='ocrx_word' id='word_1_12' title='bbox 185 723 524 772; x_wconf 80' lang='lat' dir='ltr'>torquemurque</span> <span class='ocrx_word' id='word_1_13' title='bbox 555 723 673 758; x_wconf 88' lang='lat' dir='ltr'>metu</span> <span class='ocrx_word' id='word_1_14' title='bbox 703 731 912 782; x_wconf 75' lang='lat' dir='ltr'>eaeeaque</span> <span class='ocrx_word' id='word_1_15' title='bbox 943 717 1149 772; x_wconf 87' lang='lat' dir='ltr'>cupidine</span> <span class='ocrx_word' id='word_1_16' title='bbox 1180 732 1323 758; x_wconf 89' lang='lat' dir='ltr'>rerum</span> 
     </span>
     <span class='ocr_line' id='line_1_7' title="bbox 185 775 1334 831; baseline 0 -14"><span class='ocrx_word' id='word_1_17' title='bbox 185 776 460 831; x_wconf 77' lang='lat' dir='ltr'>aeternisque</span> <span class='ocrx_word' id='word_1_18' title='bbox 482 791 601 817; x_wconf 90' lang='lat' dir='ltr'>senes</span> <span class='ocrx_word' id='word_1_19' title='bbox 621 775 749 826; x_wconf 86' lang='lat' dir='ltr'>euris,</span> <span class='ocrx_word' id='word_1_20' title='bbox 772 776 875 817; x_wconf 91' lang='lat' dir='ltr'>dum</span> <span class='ocrx_word' id='word_1_21' title='bbox 898 775 1147 831; x_wconf 83' lang='lat' dir='ltr'>quaerimus</span> <span class='ocrx_word' id='word_1_22' title='bbox 1169 791 1334 825; x_wconf 86' lang='lat' dir='ltr'>aevum,</span> 
     </span>
     <span class='ocr_line' id='line_1_8' title="bbox 186 835 1160 901; baseline -0.001 -24"><span class='ocrx_word' id='word_1_23' title='bbox 186 835 410 901; x_wconf 80' lang='lat' dir='ltr'>perdimus</span> <span class='ocrx_word' id='word_1_24' title='bbox 428 835 446 874; x_wconf 74' lang='lat'>⁶?</span> <span class='ocrx_word' id='word_1_25' title='bbox 481 841 523 877; x_wconf 88' lang='lat' dir='ltr'>et</span> <span class='ocrx_word' id='word_1_26' title='bbox 548 835 670 877; x_wconf 93' lang='lat' dir='ltr'>nullo</span> <span class='ocrx_word' id='word_1_27' title='bbox 697 841 894 877; x_wconf 90' lang='lat' dir='ltr'>votorum</span> <span class='ocrx_word' id='word_1_28' title='bbox 921 835 1017 876; x_wconf 78' lang='lat' dir='ltr'>fine</span> <span class='ocrx_word' id='word_1_29' title='bbox 1045 835 1160 877; x_wconf 88' lang='lat' dir='ltr'>beati</span> 
     </span>
     <span class='ocr_line' id='line_1_9' title="bbox 186 893 1384 950; baseline -0.001 -15"><span class='ocrx_word' id='word_1_30' title='bbox 186 894 376 937; x_wconf 77' lang='lat' dir='ltr'>victuros</span> <span class='ocrx_word' id='word_1_31' title='bbox 407 894 581 949; x_wconf 84' lang='lat' dir='ltr'>agimus</span> <span class='ocrx_word' id='word_1_32' title='bbox 613 909 781 950; x_wconf 84' lang='lat' dir='ltr'>semper</span> <span class='ocrx_word' id='word_1_33' title='bbox 812 910 887 936; x_wconf 87' lang='lat' dir='ltr'>nee</span> <span class='ocrx_word' id='word_1_34' title='bbox 922 893 1108 936; x_wconf 88' lang='lat' dir='ltr'>vivimus</span> <span class='ocrx_word' id='word_1_35' title='bbox 1142 894 1384 949; x_wconf 84' lang='lat' dir='ltr'>umquam?</span> 
     </span>
     <span class='ocr_line' id='line_1_10' title="bbox 186 953 1470 1009; baseline -0.001 -14"><span class='ocrx_word' id='word_1_36' title='bbox 186 954 506 1009; x_wconf 82' lang='lat' dir='ltr'>pauperiorque</span> <span class='ocrx_word' id='word_1_37' title='bbox 534 954 658 995; x_wconf 89' lang='lat' dir='ltr'>bonis</span> <span class='ocrx_word' id='word_1_38' title='bbox 687 954 869 1009; x_wconf 88' lang='lat' dir='ltr'>quisque</span> <span class='ocrx_word' id='word_1_39' title='bbox 899 960 975 1004; x_wconf 85' lang='lat' dir='ltr'>est,</span> <span class='ocrx_word' id='word_1_40' title='bbox 1005 969 1089 1008; x_wconf 94' lang='lat' dir='ltr'>quo</span> <span class='ocrx_word' id='word_1_41' title='bbox 1118 954 1243 1008; x_wconf 91' lang='lat' dir='ltr'>plura</span> <span class='ocrx_word' id='word_1_42' title='bbox 1271 953 1470 1008; x_wconf 87' lang='lat' dir='ltr'>requirit,</span> 
     </span>
     <span class='ocr_line' id='line_1_11' title="bbox 186 1013 1531 1068; baseline -0.001 -13"><span class='ocrx_word' id='word_1_43' title='bbox 186 1028 262 1055; x_wconf 85' lang='lat' dir='ltr'>neo</span> <span class='ocrx_word' id='word_1_44' title='bbox 284 1014 398 1068; x_wconf 92' lang='lat' dir='ltr'>quod</span> <span class='ocrx_word' id='word_1_45' title='bbox 419 1013 549 1055; x_wconf 87' lang='lat' dir='ltr'>habet</span> <span class='ocrx_word' id='word_1_46' title='bbox 568 1019 782 1063; x_wconf 76' lang='lat' dir='ltr'>numerat,</span> <span class='ocrx_word' id='word_1_47' title='bbox 807 1020 980 1055; x_wconf 85' lang='lat' dir='ltr'>tantum</span> <span class='ocrx_word' id='word_1_48' title='bbox 1003 1013 1117 1068; x_wconf 90' lang='lat' dir='ltr'>quod</span> <span class='ocrx_word' id='word_1_49' title='bbox 1137 1028 1222 1054; x_wconf 91' lang='lat' dir='ltr'>non</span> <span class='ocrx_word' id='word_1_50' title='bbox 1243 1013 1374 1054; x_wconf 88' lang='lat' dir='ltr'>habet</span> <span class='ocrx_word' id='word_1_51' title='bbox 1395 1019 1531 1068; x_wconf 87' lang='lat' dir='ltr'>optat.</span> 
     </span>
     <span class='ocr_line' id='line_1_12' title="bbox 186 1072 1206 1128; baseline 0 -15"><span class='ocrx_word' id='word_1_52' title='bbox 186 1087 369 1128; x_wconf 83' lang='lat' dir='ltr'>eumque</span> <span class='ocrx_word' id='word_1_53' title='bbox 399 1072 467 1115; x_wconf 86' lang='lat' dir='ltr'>sui</span> <span class='ocrx_word' id='word_1_54' title='bbox 497 1088 651 1127; x_wconf 85' lang='lat' dir='ltr'>parvos</span> <span class='ocrx_word' id='word_1_55' title='bbox 682 1088 781 1114; x_wconf 92' lang='lat' dir='ltr'>usus</span> <span class='ocrx_word' id='word_1_56' title='bbox 811 1079 967 1114; x_wconf 86' lang='lat' dir='ltr'>natura</span> <span class='ocrx_word' id='word_1_57' title='bbox 997 1078 1206 1127; x_wconf 82' lang='lat' dir='ltr'>reposcat,</span> 
     </span>
     <span class='ocr_line' id='line_1_13' title="bbox 186 1131 1253 1187; baseline -0.001 -14"><span class='ocrx_word' id='word_1_58' title='bbox 186 1132 416 1174; x_wconf 83' lang='lat' dir='ltr'>materiam</span> <span class='ocrx_word' id='word_1_59' title='bbox 440 1131 650 1174; x_wconf 87' lang='lat' dir='ltr'>struimus</span> <span class='ocrx_word' id='word_1_60' title='bbox 673 1147 857 1186; x_wconf 88' lang='lat' dir='ltr'>magnae</span> <span class='ocrx_word' id='word_1_61' title='bbox 880 1147 956 1187; x_wconf 90' lang='lat' dir='ltr'>per</span> <span class='ocrx_word' id='word_1_62' title='bbox 979 1138 1078 1174; x_wconf 85' lang='lat' dir='ltr'>vota</span> <span class='ocrx_word' id='word_1_63' title='bbox 1100 1131 1253 1173; x_wconf 88' lang='lat' dir='ltr'>ruinae</span> 
     </span>
     <span class='ocr_line' id='line_1_14' title="bbox 186 1190 1321 1246; baseline 0 -14"><span class='ocrx_word' id='word_1_64' title='bbox 186 1191 495 1246; x_wconf 82' lang='lat' dir='ltr'>luxuriamque</span> <span class='ocrx_word' id='word_1_65' title='bbox 528 1191 659 1232; x_wconf 81' lang='lat' dir='ltr'>lucris</span> <span class='ocrx_word' id='word_1_66' title='bbox 691 1192 876 1233; x_wconf 87' lang='lat' dir='ltr'>emimus</span> <span class='ocrx_word' id='word_1_67' title='bbox 906 1192 1097 1246; x_wconf 82' lang='lat' dir='ltr'>luxuque</span> <span class='ocrx_word' id='word_1_68' title='bbox 1130 1190 1321 1246; x_wconf 87' lang='lat' dir='ltr'>rapinas,</span> 
     </span>
     <span class='ocr_line' id='line_1_15' title="bbox 187 1251 1433 1306; baseline 0 -14"><span class='ocrx_word' id='word_1_69' title='bbox 187 1257 229 1292; x_wconf 87' lang='lat' dir='ltr'>et</span> <span class='ocrx_word' id='word_1_70' title='bbox 255 1265 474 1292; x_wconf 89' lang='lat' dir='ltr'>summum</span> <span class='ocrx_word' id='word_1_71' title='bbox 500 1266 651 1293; x_wconf 84' lang='lat' dir='ltr'>census</span> <span class='ocrx_word' id='word_1_72' title='bbox 677 1251 870 1306; x_wconf 87' lang='lat' dir='ltr'>pretium</span> <span class='ocrx_word' id='word_1_73' title='bbox 899 1257 962 1292; x_wconf 88' lang='lat' dir='ltr'>est</span> <span class='ocrx_word' id='word_1_74' title='bbox 990 1251 1220 1292; x_wconf 82' lang='lat' dir='ltr'>effundere</span> <span class='ocrx_word' id='word_1_75' title='bbox 1246 1265 1433 1292; x_wconf 83' lang='lat' dir='ltr'>censum.</span> 
     </span>
     <span class='ocr_line' id='line_1_16' title="bbox 187 1309 1229 1365; baseline 0.001 -15"><span class='ocrx_word' id='word_1_76' title='bbox 187 1309 355 1360; x_wconf 86' lang='lat' dir='ltr'>solvite,</span> <span class='ocrx_word' id='word_1_77' title='bbox 390 1310 608 1360; x_wconf 81' lang='lat' dir='ltr'>mortales,</span> <span class='ocrx_word' id='word_1_78' title='bbox 644 1309 812 1351; x_wconf 87' lang='lat' dir='ltr'>animos</span> <span class='ocrx_word' id='word_1_79' title='bbox 846 1325 1054 1365; x_wconf 83' lang='lat' dir='ltr'>curasque</span> <span class='ocrx_word' id='word_1_80' title='bbox 1089 1310 1229 1351; x_wconf 87' lang='lat' dir='ltr'>levate</span> 
     </span>
     <span class='ocr_line' id='line_1_17' title="bbox 186 1369 1244 1424; baseline 0 -14"><span class='ocrx_word' id='word_1_81' title='bbox 186 1374 337 1423; x_wconf 88' lang='lat' dir='ltr'>totque</span> <span class='ocrx_word' id='word_1_82' title='bbox 368 1369 646 1424; x_wconf 67' lang='lat' dir='ltr'>supervacuis</span> <span class='ocrx_word' id='word_1_83' title='bbox 678 1369 814 1410; x_wconf 86' lang='lat' dir='ltr'>vitam</span> <span class='ocrx_word' id='word_1_84' title='bbox 845 1369 1011 1410; x_wconf 87' lang='lat' dir='ltr'>deflere</span> <span class='ocrx_word' id='word_1_85' title='bbox 1045 1369 1244 1424; x_wconf 89' lang='lat' dir='ltr'>querelis.</span> 
     </span>
     <span class='ocr_line' id='line_1_18' title="bbox 186 1427 1244 1482; baseline 0.001 -14"><span class='ocrx_word' id='word_1_86' title='bbox 186 1428 282 1469; x_wconf 83' lang='lat' dir='ltr'>fata</span> <span class='ocrx_word' id='word_1_87' title='bbox 306 1434 465 1482; x_wconf 88' lang='lat' dir='ltr'>regunt</span> <span class='ocrx_word' id='word_1_88' title='bbox 490 1428 650 1478; x_wconf 87' lang='lat' dir='ltr'>orbem,</span> <span class='ocrx_word' id='word_1_89' title='bbox 677 1434 792 1469; x_wconf 85' lang='lat' dir='ltr'>certa</span> <span class='ocrx_word' id='word_1_90' title='bbox 819 1434 938 1470; x_wconf 87' lang='lat' dir='ltr'>stant</span> <span class='ocrx_word' id='word_1_91' title='bbox 964 1428 1111 1469; x_wconf 84' lang='lat' dir='ltr'>omnia</span> <span class='ocrx_word' id='word_1_92' title='bbox 1134 1427 1244 1482; x_wconf 77' lang='lat' dir='ltr'>lege,</span> 
     </span>
     <span class='ocr_line' id='line_1_19' title="bbox 187 1487 1324 1542; baseline 0 -14"><span class='ocrx_word' id='word_1_93' title='bbox 187 1488 403 1542; x_wconf 91' lang='lat' dir='ltr'>longaque</span> <span class='ocrx_word' id='word_1_94' title='bbox 432 1501 508 1542; x_wconf 89' lang='lat' dir='ltr'>per</span> <span class='ocrx_word' id='word_1_95' title='bbox 536 1494 672 1529; x_wconf 87' lang='lat' dir='ltr'>eertos</span> <span class='ocrx_word' id='word_1_96' title='bbox 701 1487 934 1541; x_wconf 83' lang='lat' dir='ltr'>signantur</span> <span class='ocrx_word' id='word_1_97' title='bbox 964 1493 1159 1542; x_wconf 89' lang='lat' dir='ltr'>tempora</span> <span class='ocrx_word' id='word_1_98' title='bbox 1189 1502 1324 1528; x_wconf 80' lang='lat' dir='ltr'>casus.</span> 
     </span>
     <span class='ocr_line' id='line_1_20' title="bbox 186 1545 1380 1601; baseline -0.001 -13"><span class='ocrx_word' id='word_1_99' title='bbox 186 1553 409 1588; x_wconf 78' lang='lat' dir='ltr'>nascentes</span> <span class='ocrx_word' id='word_1_100' title='bbox 439 1546 664 1597; x_wconf 82' lang='lat' dir='ltr'>morimur,</span> <span class='ocrx_word' id='word_1_101' title='bbox 694 1546 891 1601; x_wconf 76' lang='lat' dir='ltr'>finisque</span> <span class='ocrx_word' id='word_1_102' title='bbox 923 1545 975 1588; x_wconf 87' lang='lat' dir='ltr'>ab</span> <span class='ocrx_word' id='word_1_103' title='bbox 1008 1545 1178 1600; x_wconf 83' lang='lat' dir='ltr'>origine</span> <span class='ocrx_word' id='word_1_104' title='bbox 1209 1546 1380 1601; x_wconf 87' lang='lat' dir='ltr'>pendet.</span> 
     </span>
     <span class='ocr_line' id='line_1_21' title="bbox 188 1605 1252 1661; baseline 0 -14"><span class='ocrx_word' id='word_1_105' title='bbox 188 1605 289 1647; x_wconf 84' lang='lat' dir='ltr'>hine</span> <span class='ocrx_word' id='word_1_106' title='bbox 310 1612 352 1647; x_wconf 71' lang='lat' dir='ltr'>e&#39;t</span> <span class='ocrx_word' id='word_1_107' title='bbox 373 1621 473 1661; x_wconf 90' lang='lat' dir='ltr'>opes</span> <span class='ocrx_word' id='word_1_108' title='bbox 493 1612 536 1647; x_wconf 89' lang='lat' dir='ltr'>et</span> <span class='ocrx_word' id='word_1_109' title='bbox 558 1621 692 1660; x_wconf 87' lang='lat' dir='ltr'>regna</span> <span class='ocrx_word' id='word_1_110' title='bbox 713 1606 879 1656; x_wconf 83' lang='lat' dir='ltr'>fluunt,</span> <span class='ocrx_word' id='word_1_111' title='bbox 903 1611 944 1647; x_wconf 82' lang='lat' dir='ltr'>et</span> <span class='ocrx_word' id='word_1_112' title='bbox 966 1605 1138 1661; x_wconf 91' lang='lat' dir='ltr'>saepius</span> <span class='ocrx_word' id='word_1_113' title='bbox 1157 1611 1252 1647; x_wconf 86' lang='lat' dir='ltr'>orta</span> 
     </span>
     <span class='ocr_line' id='line_1_22' title="bbox 187 1664 1242 1720; baseline -0.001 -13"><span class='ocrx_word' id='word_1_114' title='bbox 187 1672 433 1720; x_wconf 88' lang='lat' dir='ltr'>paupertas,</span> <span class='ocrx_word' id='word_1_115' title='bbox 463 1671 661 1720; x_wconf 89' lang='lat' dir='ltr'>artesque</span> <span class='ocrx_word' id='word_1_116' title='bbox 688 1666 828 1715; x_wconf 87' lang='lat' dir='ltr'>datae,</span> <span class='ocrx_word' id='word_1_117' title='bbox 857 1681 1081 1720; x_wconf 87' lang='lat' dir='ltr'>moresque</span> <span class='ocrx_word' id='word_1_118' title='bbox 1108 1664 1242 1707; x_wconf 88' lang='lat' dir='ltr'>creati</span> 
     </span>
     <span class='ocr_line' id='line_1_23' title="bbox 187 1724 1380 1780; baseline -0.001 -14"><span class='ocrx_word' id='word_1_119' title='bbox 187 1731 230 1766; x_wconf 76' lang='lat' dir='ltr'>et</span> <span class='ocrx_word' id='word_1_120' title='bbox 261 1724 373 1766; x_wconf 80' lang='lat' dir='ltr'>vitia</span> <span class='ocrx_word' id='word_1_121' title='bbox 404 1730 446 1766; x_wconf 90' lang='lat' dir='ltr'>et</span> <span class='ocrx_word' id='word_1_122' title='bbox 478 1725 633 1775; x_wconf 83' lang='lat' dir='ltr'>clades,</span> <span class='ocrx_word' id='word_1_123' title='bbox 668 1725 827 1766; x_wconf 87' lang='lat' dir='ltr'>damna</span> <span class='ocrx_word' id='word_1_124' title='bbox 861 1731 902 1766; x_wconf 92' lang='lat' dir='ltr'>et</span> <span class='ocrx_word' id='word_1_125' title='bbox 935 1725 1191 1780; x_wconf 84' lang='lat' dir='ltr'>compendia</span> <span class='ocrx_word' id='word_1_126' title='bbox 1223 1739 1380 1766; x_wconf 88' lang='lat' dir='ltr'>rerum.</span> 
     </span>
     <span class='ocr_line' id='line_1_24' title="bbox 187 1784 1351 1839; baseline 0 -15"><span class='ocrx_word' id='word_1_127' title='bbox 187 1797 312 1825; x_wconf 86' lang='lat' dir='ltr'>nemo</span> <span class='ocrx_word' id='word_1_128' title='bbox 342 1799 483 1825; x_wconf 84' lang='lat' dir='ltr'>carere</span> <span class='ocrx_word' id='word_1_129' title='bbox 512 1784 614 1826; x_wconf 90' lang='lat' dir='ltr'>dato</span> <span class='ocrx_word' id='word_1_130' title='bbox 644 1784 806 1839; x_wconf 89' lang='lat' dir='ltr'>poterit</span> <span class='ocrx_word' id='word_1_131' title='bbox 838 1798 913 1825; x_wconf 81' lang='lat' dir='ltr'>nee</span> <span class='ocrx_word' id='word_1_132' title='bbox 945 1784 1099 1826; x_wconf 85' lang='lat' dir='ltr'>habere</span> <span class='ocrx_word' id='word_1_133' title='bbox 1128 1790 1351 1838; x_wconf 85' lang='lat' dir='ltr'>negatum,</span> 
     </span>
     <span class='ocr_line' id='line_1_25' title="bbox 187 1843 1165 1898; baseline 0.002 -15"><span class='ocrx_word' id='word_1_134' title='bbox 187 1843 464 1884; x_wconf 82' lang='lat' dir='ltr'>fortunamve</span> <span class='ocrx_word' id='word_1_135' title='bbox 490 1843 581 1884; x_wconf 89' lang='lat' dir='ltr'>suis</span> <span class='ocrx_word' id='word_1_136' title='bbox 605 1843 792 1885; x_wconf 84' lang='lat' dir='ltr'>invitam</span> <span class='ocrx_word' id='word_1_137' title='bbox 818 1844 1027 1898; x_wconf 89' lang='lat' dir='ltr'>prendere</span> <span class='ocrx_word' id='word_1_138' title='bbox 1052 1843 1165 1885; x_wconf 84' lang='lat' dir='ltr'>votis</span> 
     </span>
    </p>
   </div>
   <div class='ocr_carea' id='block_1_6' title="bbox 187 1946 1532 2039">
    <p class='ocr_par' dir='ltr' id='par_1_6' title="bbox 187 1946 1532 2039">
     <span class='ocr_line' id='line_1_26' title="bbox 245 1946 1532 1992; baseline 0 -12"><span class='ocrx_word' id='word_1_139' title='bbox 245 1954 279 1980; x_wconf 77' lang='lat'>14</span> <span class='ocrx_word' id='word_1_140' title='bbox 306 1947 381 1981; x_wconf 83' lang='lat' dir='ltr'>Iuv.</span> <span class='ocrx_word' id='word_1_141' title='bbox 396 1947 443 1981; x_wconf 89' lang='lat' dir='ltr'>IX</span> <span class='ocrx_word' id='word_1_142' title='bbox 461 1951 521 1982; x_wconf 83' lang='lat'>32:</span> <span class='ocrx_word' id='word_1_143' title='bbox 551 1947 646 1982; x_wconf 76' lang='lat' dir='ltr'>‘fata</span> <span class='ocrx_word' id='word_1_144' title='bbox 669 1950 804 1992; x_wconf 81' lang='lat' dir='ltr'>regunt</span> <span class='ocrx_word' id='word_1_145' title='bbox 829 1948 1012 1982; x_wconf 87' lang='lat' dir='ltr'>homines’</span> <span class='ocrx_word' id='word_1_146' title='bbox 1087 1955 1124 1982; x_wconf 83' lang='lat'>15</span> <span class='ocrx_word' id='word_1_147' title='bbox 1151 1947 1278 1982; x_wconf 88' lang='lat' dir='ltr'>Claud.</span> <span class='ocrx_word' id='word_1_148' title='bbox 1296 1946 1453 1991; x_wconf 65' lang='lat' dir='ltr'>Rapffll</span> <span class='ocrx_word' id='word_1_149' title='bbox 1469 1949 1532 1981; x_wconf 79' lang='lat'>54:</span> 
     </span>
     <span class='ocr_line' id='line_1_27' title="bbox 187 1993 1466 2039; baseline 0.001 -12"><span class='ocrx_word' id='word_1_150' title='bbox 187 1994 315 2038; x_wconf 75' lang='lat' dir='ltr'>‘parvo</span> <span class='ocrx_word' id='word_1_151' title='bbox 342 1993 511 2039; x_wconf 80' lang='lat' dir='ltr'>signatur</span> <span class='ocrx_word' id='word_1_152' title='bbox 535 1996 704 2039; x_wconf 83' lang='lat' dir='ltr'>tempora</span> <span class='ocrx_word' id='word_1_153' title='bbox 729 1996 856 2029; x_wconf 85' lang='lat' dir='ltr'>cornu’</span> <span class='ocrx_word' id='word_1_154' title='bbox 955 2002 992 2029; x_wconf 74' lang='lat'>16</span> <span class='ocrx_word' id='word_1_155' title='bbox 1018 1994 1102 2030; x_wconf 79' lang='lat' dir='ltr'>CIL.</span> <span class='ocrx_word' id='word_1_156' title='bbox 1122 1995 1155 2029; x_wconf 91' lang='lat'>11</span> <span class='ocrx_word' id='word_1_157' title='bbox 1175 1998 1279 2037; x_wconf 80' lang='lat'>4426,</span> <span class='ocrx_word' id='word_1_158' title='bbox 1304 1994 1354 2029; x_wconf 90' lang='lat' dir='ltr'>XI</span> <span class='ocrx_word' id='word_1_159' title='bbox 1374 1997 1466 2028; x_wconf 81' lang='lat'><strong>3273</strong></span> 
     </span>
    </p>
   </div>
   <div class='ocr_carea' id='block_1_7' title="bbox 245 2088 1534 2134">
    <p class='ocr_par' dir='ltr' id='par_1_7' title="bbox 245 2088 1534 2134">
     <span class='ocr_line' id='line_1_28' title="bbox 245 2088 1534 2134; baseline 0.002 -13"><span class='ocrx_word' id='word_1_160' title='bbox 245 2094 263 2120; x_wconf 80' lang='grc'>6</span> <span class='ocrx_word' id='word_1_161' title='bbox 290 2099 363 2130; x_wconf 90' lang='lat' dir='ltr'>quo</span> <span class='ocrx_word' id='word_1_162' title='bbox 383 2088 477 2123; x_wconf 82' lang='lat' dir='ltr'>Seal.</span> <span class='ocrx_word' id='word_1_163' title='bbox 505 2089 613 2133; x_wconf 84' lang='lat' dir='ltr'>qui&#39;o</span> <span class='ocrx_word' id='word_1_164' title='bbox 734 2097 753 2123; x_wconf 79' lang='grc'>9</span> <span class='ocrx_word' id='word_1_165' title='bbox 777 2095 857 2134; x_wconf 76' lang='lat' dir='ltr'>post</span> <span class='ocrx_word' id='word_1_166' title='bbox 881 2091 913 2124; x_wconf 82' lang='lat' dir='ltr'>h.</span> <span class='ocrx_word' id='word_1_167' title='bbox 933 2102 964 2125; x_wconf 86' lang='lat' dir='ltr'>v.</span> <span class='ocrx_word' id='word_1_168' title='bbox 990 2093 1191 2134; x_wconf 76' lang='lat' dir='ltr'>sequuntur</span> <span class='ocrx_word' id='word_1_169' title='bbox 1216 2101 1269 2125; x_wconf 81' lang='lat' dir='ltr'>vv.</span> <span class='ocrx_word' id='word_1_170' title='bbox 1290 2091 1350 2125; x_wconf 92' lang='lat' dir='ltr'>IV</span> <span class='ocrx_word' id='word_1_171' title='bbox 1370 2092 1534 2134; x_wconf 76' lang='lat' dir='ltr'>314sqq.,</span> 
     </span>
    </p>
   </div>
   <div class='ocr_carea' id='block_1_8' title="bbox 185 2135 1532 2228">
    <p class='ocr_par' dir='ltr' id='par_1_8' title="bbox 185 2135 1532 2228">
     <span class='ocr_line' id='line_1_29' title="bbox 186 2135 1532 2181; baseline 0.001 -12"><span class='ocrx_word' id='word_1_172' title='bbox 186 2146 238 2169; x_wconf 84' lang='lat' dir='ltr'>vv.</span> <span class='ocrx_word' id='word_1_173' title='bbox 260 2135 325 2169; x_wconf 87' lang='lat' dir='ltr'>IV</span> <span class='ocrx_word' id='word_1_174' title='bbox 341 2138 506 2171; x_wconf 90' lang='lat'><em>10—313</em></span> <span class='ocrx_word' id='word_1_175' title='bbox 537 2138 577 2170; x_wconf 78' lang='lat' dir='ltr'>in</span> <span class='ocrx_word' id='word_1_176' title='bbox 603 2137 694 2172; x_wconf 76' lang='lat' dir='ltr'>libro</span> <span class='ocrx_word' id='word_1_177' title='bbox 716 2138 782 2172; x_wconf 86' lang='lat'>111</span> <span class='ocrx_word' id='word_1_178' title='bbox 804 2142 887 2181; x_wconf 82' lang='lat' dir='ltr'>post</span> <span class='ocrx_word' id='word_1_179' title='bbox 912 2149 942 2173; x_wconf 87' lang='lat' dir='ltr'>v.</span> <span class='ocrx_word' id='word_1_180' title='bbox 963 2139 1036 2172; x_wconf 88' lang='grc'>399</span> <span class='ocrx_word' id='word_1_181' title='bbox 1061 2138 1301 2172; x_wconf 75' lang='lat' dir='ltr'>inveniuntur</span> <span class='ocrx_word' id='word_1_182' title='bbox 1319 2141 1375 2171; x_wconf 79' lang='lat' dir='ltr'>Le</span> <span class='ocrx_word' id='word_1_183' title='bbox 1407 2138 1532 2172; x_wconf 82' lang='lat' dir='ltr'>omnia</span> 
     </span>
     <span class='ocr_line' id='line_1_30' title="bbox 185 2183 1532 2228; baseline 0 -11"><span class='ocrx_word' id='word_1_184' title='bbox 185 2186 275 2217; x_wconf 71' lang='lat' dir='ltr'>recte</span> <span class='ocrx_word' id='word_1_185' title='bbox 300 2183 341 2217; x_wconf 83' lang='lat' dir='ltr'>in</span> <span class='ocrx_word' id='word_1_186' title='bbox 360 2186 395 2216; x_wconf 80' lang='lat' dir='ltr'>M</span> <span class='ocrx_word' id='word_1_187' title='bbox 514 2190 552 2217; x_wconf 85' lang='lat'>10</span> <span class='ocrx_word' id='word_1_188' title='bbox 577 2184 720 2218; x_wconf 85' lang='lat' dir='ltr'>eminus</span> <span class='ocrx_word' id='word_1_189' title='bbox 740 2184 783 2217; x_wconf 81' lang='grc' dir='ltr'>Ι,1</span> <span class='ocrx_word' id='word_1_190' title='bbox 901 2191 936 2218; x_wconf 79' lang='lat'>18</span> <span class='ocrx_word' id='word_1_191' title='bbox 963 2184 1097 2219; x_wconf 88' lang='lat' dir='ltr'>deflere</span> <span class='ocrx_word' id='word_1_192' title='bbox 1118 2188 1141 2218; x_wconf 93' lang='lat'><strong>0</strong></span> <span class='ocrx_word' id='word_1_193' title='bbox 1174 2195 1219 2219; x_wconf 89' lang='lat' dir='ltr'>ne</span> <span class='ocrx_word' id='word_1_194' title='bbox 1246 2184 1327 2219; x_wconf 82' lang='lat' dir='ltr'>flete</span> <span class='ocrx_word' id='word_1_195' title='bbox 1355 2183 1532 2228; x_wconf 72' lang='lat' dir='ltr'>Rossbery</span> 
     </span>
    </p>
   </div>
   <div class='ocr_carea' id='block_1_9' title="bbox 186 2229 1532 2370">
    <p class='ocr_par' dir='ltr' id='par_1_9' title="bbox 186 2229 1532 2370">
     <span class='ocr_line' id='line_1_31' title="bbox 187 2229 1532 2276; baseline 0.001 -13"><span class='ocrx_word' id='word_1_196' title='bbox 187 2229 333 2273; x_wconf 80' lang='lat' dir='ltr'>deplete</span> <span class='ocrx_word' id='word_1_197' title='bbox 354 2230 448 2265; x_wconf 82' lang='lat' dir='ltr'>Scal.</span> <span class='ocrx_word' id='word_1_198' title='bbox 557 2238 592 2264; x_wconf 80' lang='lat'>15</span> <span class='ocrx_word' id='word_1_199' title='bbox 628 2242 734 2265; x_wconf 82' lang='lat' dir='ltr'>casus</span> <span class='ocrx_word' id='word_1_200' title='bbox 756 2232 837 2265; x_wconf 82' lang='lat' dir='ltr'>M¹G</span> <span class='ocrx_word' id='word_1_201' title='bbox 872 2243 999 2266; x_wconf 80' lang='lat' dir='ltr'>cursus</span> <span class='ocrx_word' id='word_1_202' title='bbox 1019 2231 1100 2264; x_wconf 78' lang='lat' dir='ltr'>LM²</span> <span class='ocrx_word' id='word_1_203' title='bbox 1125 2233 1178 2276; x_wconf 82' lang='lat' dir='ltr'>(in</span> <span class='ocrx_word' id='word_1_204' title='bbox 1205 2233 1262 2275; x_wconf 87' lang='lat' dir='ltr'>m.)</span> <span class='ocrx_word' id='word_1_205' title='bbox 1372 2238 1406 2264; x_wconf 81' lang='grc'>17</span> <span class='ocrx_word' id='word_1_206' title='bbox 1444 2230 1532 2264; x_wconf 87' lang='lat' dir='ltr'>hine</span> 
     </span>
     <span class='ocr_line' id='line_1_32' title="bbox 187 2277 1485 2324; baseline 0 -13"><span class='ocrx_word' id='word_1_207' title='bbox 187 2277 306 2312; x_wconf 74' lang='lat' dir='ltr'>Bentc.</span> <span class='ocrx_word' id='word_1_208' title='bbox 333 2279 419 2311; x_wconf 77' lang='lat' dir='ltr'>tunc</span> <span class='ocrx_word' id='word_1_209' title='bbox 440 2281 463 2311; x_wconf 94' lang='lat'><strong>0</strong></span> <span class='ocrx_word' id='word_1_210' title='bbox 532 2279 613 2312; x_wconf 71' lang='lat' dir='ltr'>orta</span> <span class='ocrx_word' id='word_1_211' title='bbox 632 2282 675 2324; x_wconf 76' lang='lat' dir='ltr'>V2</span> <span class='ocrx_word' id='word_1_212' title='bbox 705 2280 787 2313; x_wconf 87' lang='lat' dir='ltr'>ortu</span> <span class='ocrx_word' id='word_1_213' title='bbox 809 2282 833 2312; x_wconf 91' lang='lat'>0</span> <span class='ocrx_word' id='word_1_214' title='bbox 954 2285 990 2312; x_wconf 86' lang='lat'>18</span> <span class='ocrx_word' id='word_1_215' title='bbox 1016 2279 1130 2313; x_wconf 77' lang='lat' dir='ltr'>creati</span> <span class='ocrx_word' id='word_1_216' title='bbox 1149 2279 1223 2313; x_wconf 79' lang='lat' dir='ltr'>L²G</span> <span class='ocrx_word' id='word_1_217' title='bbox 1250 2278 1384 2313; x_wconf 78' lang='lat' dir='ltr'>creatis</span> <span class='ocrx_word' id='word_1_218' title='bbox 1403 2278 1485 2312; x_wconf 63' lang='lat'>12¹1!</span> 
     </span>
     <span class='ocr_line' id='line_1_33' title="bbox 186 2323 1532 2370; baseline 0.001 -13"><span class='ocrx_word' id='word_1_219' title='bbox 186 2331 222 2357; x_wconf 81' lang='grc'>19</span> <span class='ocrx_word' id='word_1_220' title='bbox 249 2323 391 2370; x_wconf 84' lang='lat' dir='ltr'>clades]</span> <span class='ocrx_word' id='word_1_221' title='bbox 410 2324 539 2360; x_wconf 76' lang='lat' dir='ltr'>laudes</span> <span class='ocrx_word' id='word_1_222' title='bbox 557 2325 671 2361; x_wconf 84' lang='lat' dir='ltr'>Jacob</span> <span class='ocrx_word' id='word_1_223' title='bbox 780 2333 818 2359; x_wconf 74' lang='lat'>20</span> <span class='ocrx_word' id='word_1_224' title='bbox 843 2336 968 2360; x_wconf 82' lang='lat' dir='ltr'>carere</span> <span class='ocrx_word' id='word_1_225' title='bbox 988 2326 1074 2360; x_wconf 82' lang='lat' dir='ltr'>dato</span> <span class='ocrx_word' id='word_1_226' title='bbox 1089 2327 1208 2361; x_wconf 77' lang='lat' dir='ltr'>Bentl.</span> <span class='ocrx_word' id='word_1_227' title='bbox 1237 2327 1338 2360; x_wconf 74' lang='lat' dir='ltr'>caret</span> <span class='ocrx_word' id='word_1_228' title='bbox 1357 2325 1492 2360; x_wconf 81' lang='lat' dir='ltr'>damno</span> <span class='ocrx_word' id='word_1_229' title='bbox 1507 2327 1532 2358; x_wconf 92' lang='lat'><strong>0</strong></span> 
     </span>
    </p>
   </div>
   <div class='ocr_carea' id='block_1_10' title="bbox 234 2372 1271 2417">
    <p class='ocr_par' dir='ltr' id='par_1_10' title="bbox 234 2372 1271 2417">
     <span class='ocr_line' id='line_1_34' title="bbox 234 2372 1271 2417; baseline 0.004 -13"><span class='ocrx_word' id='word_1_230' title='bbox 234 2378 267 2404; x_wconf 76' lang='lat'>21</span> <span class='ocrx_word' id='word_1_231' title='bbox 294 2372 474 2415; x_wconf 84' lang='lat' dir='ltr'>prendere</span> <span class='ocrx_word' id='word_1_232' title='bbox 494 2375 528 2405; x_wconf 80' lang='grc' dir='ltr'><strong>Μ</strong></span> <span class='ocrx_word' id='word_1_233' title='bbox 552 2373 714 2417; x_wconf 86' lang='lat' dir='ltr'>pendere</span> <span class='ocrx_word' id='word_1_234' title='bbox 734 2377 789 2406; x_wconf 79' lang='lat' dir='ltr'>LG</span> <span class='ocrx_word' id='word_1_235' title='bbox 843 2373 940 2407; x_wconf 72' lang='lat' dir='ltr'>votis</span> <span class='ocrx_word' id='word_1_236' title='bbox 961 2373 1043 2407; x_wconf 81' lang='lat' dir='ltr'>M²G</span> <span class='ocrx_word' id='word_1_237' title='bbox 1066 2373 1171 2408; x_wconf 83' lang='lat' dir='ltr'>vobis</span> <span class='ocrx_word' id='word_1_238' title='bbox 1191 2374 1271 2408; x_wconf 68' lang='lat'><em>11¹1.</em></span> 
     </span>
    </p>
   </div>
  </div>
 </body>
</html>
