1627 2517
75 118 108 141 v.
130 109 316 141 800—848
463 105 653 140 MANILII
679 104 1026 140 ASTRONOMICA
1370 103 1421 144 31

78 215 125 256 in
148 215 272 256 breve
295 214 404 256 vivit
427 230 532 269 opus
554 220 789 268 coeptaque
811 213 1010 254 incendia
1033 213 1126 253 fine

79 275 321 316 subsistunt
343 274 591 329 pariterque
614 273 774 314 cadunt
797 273 1058 327 fulgentque
1080 278 1282 313 cometae.

79 334 192 389 quod
216 333 304 375 nisi
329 333 492 375 vicinos
517 339 696 387 agerent
720 332 938 374 occasibus
962 338 1080 373 ortus

79 400 120 435 et
143 399 232 434 tam
265 408 396 447 parva
419 393 565 434 forent
589 392 776 433 accensis
799 399 994 446 tempora
1018 391 1229 440 flammis,

78 452 187 494 alter
212 459 335 494 nocte
361 452 453 493 dies
480 458 588 493 esset
614 451 866 506 caelumque
892 450 1052 492 rediret

78 512 297 553 inversum
322 517 364 553 et
389 526 536 552 somno
563 517 702 552 totum
729 511 1011 565 deprenderet
1037 510 1195 552 orbem.

78 577 170 612 tum
202 571 307 625 quia
337 585 422 612 non
455 585 540 612 una
573 569 713 625 specie
744 569 1014 624 dispergitur
1046 570 1185 610 omnis

78 629 242 671 aridior
267 636 404 672 terrae
430 645 562 685 vapor
587 636 629 671 et
654 629 979 684 comprenditur
1003 628 1129 683 igni,-

77 689 268 731 diversas
291 704 459 744 quoque
483 704 559 744 per
582 689 718 731 facies
742 704 914 730 accensa
938 689 1141 730 feruntur

73 748 255 798 lumina,
285 763 395 803 quae
425 747 582 790 subitis
613 747 827 789 exsistunt
856 754 959 789 nata
990 747 1190 789 tenebris.

77 822 177 848 nam
201 808 339 857 modo,
364 822 438 849 ceu
462 807 585 861 longi
607 807 791 849 fluitent
814 807 865 848 de
889 807 1047 848 vertice
1069 806 1220 855 crines,

75 867 259 908 flamma
284 882 425 908 comas
452 866 626 908 imitata
652 867 781 915 volat,
810 867 1037 921 tenuisque
1063 866 1243 921 capillos

76 926 270 967 diffusos
294 925 430 967 radiis
455 924 706 967 ardentibus
732 926 922 980 explicat
947 924 1077 979 ignis.

76 1000 189 1027 nuno
216 985 336 1040 prior
364 985 465 1026 haec
492 985 629 1026 facies
656 985 863 1040 dispersis
888 985 1082 1026 crinibus
1111 984 1215 1034 exit,

77 1051 118 1086 et
143 1045 313 1099 glomus
337 1045 530 1086 ardentis
556 1044 753 1099 sequitur
777 1044 854 1086 sub
879 1044 1074 1098 imagine
1100 1044 1258 1085 barbae

74 1103 190 1145 hirta
217 1103 461 1158 figurantis
488 1103 673 1144 tremulo
703 1103 780 1144 sub
807 1103 973 1144 lumine
1002 1110 1160 1144 menta.

76 1162 297 1204 interdum
318 1161 490 1217 aequali
511 1162 695 1203 laterum
717 1162 973 1216 compagine
994 1162 1147 1203 ductus

76 1222 385 1276 quadratamve
410 1221 576 1263 trabem
598 1221 740 1275 fingit
766 1228 996 1262 teretemve
1020 1221 1278 1262 columnam.

77 1281 184 1335 quin
207 1280 339 1322 etiam
364 1280 546 1322 tumidis
570 1287 781 1335 exaequat
805 1280 922 1322 dolia
944 1281 1141 1321 flammis

76 1355 247 1395 procere
276 1339 468 1381 distenta
499 1346 655 1389 uteros,
688 1355 927 1394 parvosque
957 1340 1127 1381 catillos

76 1399 286 1441 mentitur
312 1414 461 1440 curvos
488 1399 606 1453 ignis
633 1399 899 1453 glomeratus
925 1399 972 1440 in
999 1399 1131 1440 orbes.

75 1458 300 1513 lampadas
323 1465 366 1500 et
386 1459 518 1500 fissas
541 1473 730 1500 ramosos
754 1458 907 1500 fundit
929 1459 975 1499 in
1000 1458 1137 1512 ignes.

75 1517 335 1572 praecipites
366 1518 515 1559 stellae
546 1518 793 1573 passimque
824 1518 966 1559 volare
997 1518 1214 1567 videntur,

76 1592 173 1618 cum
200 1591 310 1631 vaga
336 1593 411 1631 per
438 1577 632 1619 nitidum
660 1576 903 1619 scintillant
928 1577 1097 1618 lumina
1125 1577 1335 1618 mundum

133 1652 190 1679 825
217 1648 422 1690 coeptaque
448 1650 483 1679 M
509 1648 691 1690 ceptaque
716 1650 774 1680 LGr
917 1646 988 1679 fine
1014 1646 1095 1679 ML2
1120 1646 1229 1679 finem
1254 1646 1328 1679 L¹G

73 1699 131 1726 826
157 1692 364 1728 subsistant
387 1697 422 1726 M
519 1695 686 1728 cometae
712 1698 740 1727 G
765 1695 911 1728 cometa
936 1697 996 1726 ML
1141 1700 1197 1726 827
1226 1693 1315 1727 ortis
1342 1697 1376 1726 M

73 1747 131 1773 828
157 1751 271 1784 prava
297 1744 332 1773 M
427 1740 584 1775 accessis
611 1744 646 1774 M
796 1747 854 1774 829
881 1740 1034 1784 diesque
1060 1744 1095 1773 M
1191 1741 1362 1784 reditque
1389 1745 1423 1774 M

74 1794 132 1820 830
158 1788 344 1822 inversum
369 1788 435 1823 Br.
463 1787 682 1822 immensum
711 1788 826 1832 (inm.)
849 1792 872 1821 0
922 1788 1059 1833 totum]
1086 1788 1248 1833 positum
1269 1789 1419 1823 Housm.

122 1835 366 1880 deprenderet
382 1835 456 1868 L2G
482 1835 768 1880 deprehenderit
785 1836 829 1869 L¹
857 1836 1150 1880 deprehenderet
1169 1839 1204 1868 M
1261 1842 1315 1869 831
1343 1838 1422 1870 tum

75 1882 160 1928 Rey.
188 1884 277 1917 tunc
298 1886 321 1916 0
442 1888 502 1916 832
527 1885 647 1917 terrae
666 1886 732 1916 ΜΘ
762 1884 956 1926 terraeque
975 1887 1000 1916 L
1100 1883 1377 1927 comprenditur
1397 1888 1423 1917 G

35 1968 40 1972 .
74 1930 400 1974 comprehenditur
419 1933 480 1963 ML
601 1937 659 1963 833
685 1931 778 1964 deest
803 1931 844 1964 in
864 1934 892 1963 G
1005 1937 1062 1964 835
1089 1941 1155 1965 ceu
1174 1934 1231 1964 LG
1257 1941 1321 1964 seu
1341 1935 1375 1964 M

73 1983 130 2010 838
158 1977 311 2021 capillos
332 1977 413 2010 ML2
438 1977 585 2021 capillis
604 1977 648 2010 L¹
675 1977 831 2021 capillus
853 1982 880 2011 G
928 1984 986 2011 838
1012 1978 1126 2013 facies
1147 1981 1207 2011 ML
1234 1978 1375 2022 species
1397 1983 1423 2012 G

120 2031 178 2057 839
203 2024 348 2068 glomus
369 2026 487 2060 Bentl.
521 2025 654 2069 globus
676 2028 699 2058 0
792 2028 877 2068 post
899 2026 931 2059 h.
953 2037 982 2060 v.
1012 2026 1078 2060 Br.
1100 2027 1225 2070 posuit
1252 2037 1283 2060 v.
1304 2029 1375 2060 845

72 2077 127 2104 841
154 2071 449 2116 quadratamque
472 2100 477 2107 .
496 2100 524 2106 ..
545 2073 774 2115 teretemque
796 2076 822 2105 G
894 2079 952 2106 845
977 2073 1136 2107 tremido
1157 2076 1191 2106 M
1240 2072 1368 2107 limine
1389 2077 1422 2105 M

120 2121 247 2152 menta
266 2120 387 2154 Bentz.
413 2131 556 2154 menses
577 2123 600 2153 0
758 2126 816 2152 843
841 2130 993 2163 procere
1018 2121 1092 2154 L¹G
1117 2131 1269 2164 procero
1295 2120 1375 2153 L²M

73 2167 197 2200 uteros
217 2167 328 2200 MAG
351 2168 456 2201 utero
477 2167 521 2200 L²
587 2177 793 2211 parvosque
813 2171 840 2200 F
865 2168 1066 2211 partosque
1086 2172 1141 2201 LG
1167 2169 1368 2212 partaeque
1388 2171 1422 2199 M

121 2212 268 2248 catillos
289 2215 356 2249 Br.
383 2214 538 2258 capillos
559 2214 633 2248 L²G
658 2213 821 2258 capellos
840 2215 885 2247 L¹
911 2215 1073 2259 capellas
1094 2218 1129 2247 M
1257 2221 1315 2247 844
1343 2225 1422 2248 cur-

73 2271 137 2294 vos
158 2261 224 2295 Br.
251 2272 382 2304 parvos
402 2260 482 2294 ΜΙ,2
506 2261 628 2305 parvis
647 2262 722 2295 L¹G
784 2261 881 2305 ignis
903 2262 997 2297 Scal.
1026 2262 1142 2307 signis
1165 2265 1188 2294 0
1240 2261 1420 2306 glomera-

74 2308 134 2340 tus
155 2311 183 2341 G
208 2308 438 2353 glomeratur
457 2312 518 2342 ML
627 2316 684 2341 846
711 2308 888 2352 lampada
915 2311 951 2343 et
971 2313 1005 2342 M
1102 2316 1160 2341 848
1187 2308 1347 2342 nitidum
1367 2313 1422 2342 LG

76 2354 256 2388 mundum
276 2358 311 2387 M
336 2355 520 2399 liquidum
542 2361 562 2389 C

1446 230 1496 254 825

1445 527 1497 551 830

1444 824 1495 849 835

1444 1062 1494 1085 839

1444 1121 1495 1145 845

1443 1180 1495 1204 840

1443 1418 1495 1442 814

1443 1477 1495 1501 846
