1627 2517
105 231 156 256 915

106 528 158 552 9⁵20

107 823 158 848 925

108 1120 160 1144 930

110 1415 161 1441 935

180 104 234 145 70
569 101 757 135 MANILII
782 98 1127 134 ASTRONOMICA
1397 97 1476 132 Lib.
1497 97 1528 131 11

178 211 359 266 fataque
384 209 606 252 damnosis
633 208 881 250 imitantem
909 206 1080 248 finibus
1107 206 1236 248 orbis.

180 270 282 312 huic
310 269 427 325 parti
459 270 553 310 Dea
582 283 738 309 nomen
767 267 852 309 erit
882 267 1080 308 Romana
1109 280 1185 321 per
1213 280 1311 315 ora;

178 329 364 372 Graecia
392 344 491 370 voce
518 343 594 370 sua
622 328 803 369 titulum
830 326 1033 381 designat
1063 325 1259 367 eundem.

180 404 274 431 arce
306 388 379 430 sed
412 388 458 429 in
490 387 613 437 caeli,
647 402 731 442 qua
765 401 932 428 summa
965 384 1144 427 acclivia
1175 384 1314 426 finem

180 447 425 498 inveniunt,
453 462 538 502 qua
564 446 832 502 principium
857 444 1043 487 declivia
1071 450 1260 493 sumunt,

180 507 459 562 culminaque
486 506 724 560 insurgunt
753 520 923 547 occasus
952 504 1066 546 inter
1094 510 1137 546 et
1166 510 1286 545 ortus

179 567 534 622 suspenduntque
567 581 642 607 suo
673 565 883 607 libratum
913 563 1115 605 examine
1148 562 1373 611 mundum,

180 626 334 668 asserit
361 626 469 667 hanc
496 624 711 679 Cytherea
738 624 822 666 sibi
850 639 926 678 per
953 623 1094 664 sidera
1120 623 1261 664 sedem

180 692 222 728 et
251 685 388 727 veluti
417 684 578 726 faciem
608 683 761 725 mundi
792 698 870 725 sua
900 683 1080 724 collocat
1108 697 1196 731 ora,

180 760 256 800 per
282 760 390 800 quae
417 745 605 786 humana
631 743 759 797 regit.
796 742 973 797 propria
999 747 1062 783 est
1085 741 1188 783 haec
1213 740 1384 782 reddita
1410 738 1524 794 parti

180 804 267 846 vis:
305 810 347 845 et
376 803 561 845 conubia
592 809 634 845 et
665 803 880 844 thalamos
911 801 1145 856 taedasque
1176 800 1403 854 gubernat.

181 864 283 905 haec
308 864 445 905 tutela
470 863 592 905 docet
616 863 824 904 Venerem
850 876 927 903 sua
951 861 1039 902 tela
1062 874 1242 901 movere.

180 938 336 965 nomen
367 923 451 964 erit
480 922 679 964 Fortuna
710 921 814 962 loco.
857 935 941 975 quo
971 919 1144 975 percipe
1174 924 1376 967 mentem,

181 988 229 1024 ut
258 982 405 1024 brevia
433 981 481 1022 in
510 982 640 1035 longo
670 980 927 1035 compendia
956 978 1147 1021 carmine
1176 984 1403 1033 praestem.

181 1048 226 1083 at
258 1057 343 1096 qua
375 1041 563 1083 subsidit
597 1055 798 1082 converso
832 1039 1007 1081 cardine
1040 1038 1227 1080 mundus

180 1102 469 1143 fundamenta
497 1106 659 1149 tenens,
688 1100 915 1141 adversum
943 1105 984 1139 et
1011 1096 1196 1152 suspicit
1223 1096 1381 1145 orbem,

182 1176 229 1202 ac
259 1160 405 1202 media
435 1159 513 1201 sub
544 1166 666 1201 nocte
699 1159 823 1207 iacet,
858 1158 1073 1200 Saturnus
1104 1157 1150 1198 in
1182 1156 1259 1197 illa

181 1226 303 1275 parte
333 1235 431 1262 suas
460 1219 603 1273 agitat
633 1218 759 1268 vires,
789 1218 982 1260 deiectus
1013 1222 1054 1258 et
1082 1216 1174 1271 ipse

181 1279 367 1334 imperio
400 1279 617 1333 quondam
651 1277 802 1319 mundi
838 1276 1031 1332 solioque
1064 1276 1254 1317 deorum.

182 1345 222 1380 et
254 1345 375 1393 pater
407 1338 452 1379 in
484 1337 649 1392 patrios
680 1342 845 1378 exercet
876 1335 1059 1377 numina
1087 1349 1209 1376 casus

182 1398 493 1451 fortunamque
518 1411 691 1446 senum3
725 1395 849 1450 priva
873 1400 938 1436 est
963 1394 1101 1436 tutela
1128 1394 1324 1434 duorum.

187 1459 452 1509 [nascentum
478 1461 607 1510 atque
631 1461 820 1510 patrum,
847 1469 955 1509 quae
980 1453 1061 1495 tali
1087 1452 1262 1494 condita
1285 1457 1406 1507 parte
1432 1452 1524 1504 est.]

183 1531 307 1571 asper
335 1515 419 1557 erit
445 1514 622 1569 templis
649 1514 821 1563 titulus,
851 1528 978 1568 quem
1006 1511 1191 1554 Graecia
1216 1511 1324 1553 fecit

186 1574 494 1624 Daemonium,
517 1574 750 1629 signatque
772 1589 869 1615 suas
891 1588 968 1627 pro
991 1571 1165 1613 nomine
1188 1571 1311 1612 vires.

186 1649 299 1677 nunc
326 1649 419 1688 age,
448 1640 696 1688 surgentem
724 1632 866 1687 primo
893 1633 945 1674 de
973 1631 1148 1673 cardine
1174 1630 1384 1672 mundum

242 1746 298 1773 918
325 1741 370 1774 ef.
399 1739 508 1772 Firm.
529 1738 561 1772 II
583 1742 638 1779 19,
655 1742 693 1772 11

241 1842 298 1868 915
323 1834 531 1868 mutantem
551 1837 586 1866 M
635 1832 734 1867 orbis
755 1833 851 1867 Bon.
879 1832 951 1866 oris
974 1835 997 1864 Ο
1090 1837 1145 1864 918
1172 1830 1328 1865 acelivia
1347 1830 1442 1864 Bon.
1470 1828 1532 1862 de-

183 1881 297 1916 clivia
317 1885 341 1915 0
447 1888 506 1915 929
532 1880 767 1924 culminaque
787 1879 881 1914 Scal.
909 1878 1144 1922 culmineque
1163 1881 1220 1911 LG
1245 1876 1479 1920 culmuicque
1499 1878 1534 1908 M

229 1936 286 1963 921
311 1928 490 1963 libratum
510 1932 545 1961 M
571 1927 750 1962 librarum
770 1930 826 1960 LG
911 1933 969 1960 922
996 1926 1127 1960 sedent
1145 1928 1180 1958 M
1265 1931 1323 1957 924
1349 1935 1415 1968 per
1439 1934 1533 1967 quae

182 1976 278 2012 Scal.
303 1987 441 2021 perque
463 1978 486 2009 0
567 1975 659 2010 haec
678 1978 713 2008 M
738 1975 808 2008 hac
828 1977 885 2008 LG
910 1973 996 2008 huic
1020 1973 1165 2008 Garrod
1224 1971 1386 2015 reddita]
1413 1970 1534 2004 redita

182 2024 263 2057 ML¹
289 2023 420 2057 addita
440 2027 462 2056 c
558 2029 616 2056 925
643 2022 695 2056 vis
723 2022 772 2067 et]
800 2022 897 2056 niset
914 2024 949 2054 M
999 2020 1159 2055 conubia
1178 2022 1233 2052 LG
1258 2018 1433 2063 coniugia
1453 2022 1487 2051 M

182 2078 242 2105 929
268 2072 433 2106 ventrem
455 2074 482 2103 G
601 2077 657 2103 927
686 2070 785 2113 quod
814 2097 819 2103 .
843 2096 849 2102 .
873 2096 878 2102 .
906 2069 1031 2103 mente
1051 2067 1144 2103 Scal.
1265 2072 1323 2099 928
1350 2067 1535 2110 praestem

183 2119 277 2155 Scal.
302 2118 519 2163 pr(a)estent
539 2120 563 2150 0
659 2124 718 2150 929
745 2118 784 2150 at
804 2115 847 2150 Ι,2
873 2115 921 2150 ad
939 2116 1021 2149 L¹M
1046 2115 1112 2148 aut
1131 2118 1158 2148 G
1253 2119 1313 2147 939
1339 2112 1535 2157 suspicit!

184 2165 342 2210 suscipit
360 2169 416 2199 LG
440 2163 593 2209 inspicit
611 2167 646 2197 M
730 2171 789 2197 982
815 2175 881 2198 sua
906 2162 1045 2208 fatigat
1065 2165 1099 2195 M
1177 2167 1236 2194 935
1261 2161 1366 2205 priva
1388 2160 1536 2195 Garrod

183 2213 305 2258 prima
326 2216 350 2246 0
376 2223 451 2247 una
472 2212 624 2247 Housm.
746 2217 805 2244 939
830 2211 974 2246 seclusit
999 2211 1065 2245 Br.
1135 2210 1351 2243 nascentum
1372 2207 1445 2243 L²G
1469 2218 1534 2241 na-

184 2260 361 2296 scendum
381 2259 424 2293 L²
449 2259 749 2302 nascendumque
770 2258 821 2291 M¹
871 2259 977 2302 parte
1000 2258 1118 2292 Bentl.
1139 2266 1225 2300 pars
1246 2259 1270 2289 0
1342 2261 1400 2289 98¹1
1428 2265 1536 2299 asper

185 2309 306 2343 Bentl.
333 2318 506 2352 asperum
527 2310 551 2340 0
613 2305 684 2341 erit
704 2309 739 2338 M
764 2306 844 2340 erat
863 2309 918 2338 LG
967 2303 1117 2348 templis
1135 2303 1281 2339 Garrod
1304 2302 1487 2347 templum
1501 2305 1536 2336 M

184 2356 334 2399 tempus
353 2358 409 2388 LG
458 2355 580 2398 quern]
608 2363 704 2398 quae
725 2357 751 2387 G
801 2352 891 2387 fecit
911 2352 1005 2387 Bon.
1032 2351 1104 2386 feci
1126 2354 1150 2384 0

1623 2107 1627 2273 -11--
1620 2050 1627 2080 ...-
