1627 2517
93 87 127 110 V.
147 79 333 110 462—509
488 74 676 110 MANHJH
699 73 1046 110 ASTRONOMICA
1360 73 1443 115 119

95 183 324 234 consentit,
348 184 658 238 decumamque
682 198 862 238 sequens
887 198 1016 237 quam
1039 182 1170 224 tertia
1195 182 1357 236 signat,

96 249 139 284 et
165 243 306 284 tribus
333 250 408 284 aut
436 258 533 293 una,
562 257 669 297 quae
696 249 751 292 te,
780 242 997 293 vicesima,
1023 242 1216 292 fraudat,

98 317 259 357 quaeve
286 309 418 356 auget
445 302 599 357 quinto
627 317 805 343 numero
833 301 898 342 vel
927 301 1113 356 septima
1138 301 1294 342 fertur.

156 362 282 416 <pars
313 367 375 403 est
403 362 545 416 prima
574 376 726 402 nocens
750 361 980 402 fundentis
1010 375 1175 416 semper
1206 359 1410 415 Aquari>
1445 364 1518 402 489³*

98 421 313 475 tertiaque
334 427 375 462 et
397 420 551 475 quinta
573 425 613 462 et
634 435 811 462 numero
834 436 941 475 quae
963 421 1138 461 condita
1156 435 1268 461 nono
1290 426 1375 471 est3
1463 436 1513 461 491

97 479 343 521 damnanda
367 487 443 529 est,
469 480 671 521 decumae
695 480 918 521 succedens
942 480 1085 534 prima
1108 486 1303 535 peractae
1463 494 1517 520 490

98 545 140 580 et
162 544 259 593 post
282 538 445 592 viginti
470 538 614 593 prima
637 545 679 580 et
704 538 907 580 vicesima
931 538 1100 593 quinta,

97 612 280 652 cumque
305 598 385 639 illa
411 604 611 653 quartam
639 598 913 640 accumulans
939 597 1143 639 vicesima
1171 613 1296 640 nona.

158 657 289 699 tertia
305 661 382 712 'per
401 657 597 711 geminos
617 664 658 698 et
677 658 831 712 quinta
853 664 894 699 et
913 657 1098 712 septima
1117 657 1262 699 Pisces

98 716 327 758 undecima.
350 723 392 759 et
415 717 618 758 decumae
643 717 873 758 metuenda
898 724 959 758 est
985 716 1171 772 septima
1195 717 1359 766 iuncta,
1464 731 1516 757 495

98 782 141 817 et
164 775 320 830 quinta
345 775 392 817 in
420 776 575 831 quinos
598 791 799 818 numeros
826 783 1021 818 revocata
1047 777 1239 831 duasque

98 835 315 890 accipiens
344 835 459 877 ultra
489 850 679 877 summas
709 836 940 877 metuenda
967 836 1147 877 feretur.

158 894 236 936 hae
258 901 401 949 partes
423 895 615 936 sterilem
637 895 799 936 ducunt
822 902 862 936 et
882 894 1050 949 frigore
1073 901 1114 936 et
1134 894 1231 949 igni

97 959 210 1003 aera,
234 953 302 995 vel
324 953 435 995 sicco
459 953 526 995 vel
548 954 661 1008 quod
688 954 957 1009 superaverit
979 969 1103 996 umor

101 1012 153 1064 [si
176 1012 356 1067 rapidus
380 1013 557 1055 Mavors
581 1013 700 1067 ignis
722 1014 938 1055 iaculatur
964 1014 1010 1054 in
1034 1013 1160 1055 illum
1466 1028 1523 1054 500

98 1071 314 1114 Saturnus
338 1078 478 1114 sumet
502 1072 687 1126 glaciem
714 1073 965 1114 Phoebusve
988 1073 1179 1126 calores].

159 1146 235 1172 nec
262 1138 303 1173 te
332 1133 546 1186 perceptis
576 1132 801 1186 signorum
828 1147 930 1174 cura
960 1132 1180 1187 relinquat

98 1190 322 1245 partibus;
358 1191 405 1232 in
433 1198 604 1246 tempus
634 1192 846 1246 quaedam
874 1198 1101 1233 mutantur
1131 1198 1172 1233 et
1201 1198 1298 1233 ortu

98 1249 322 1305 accipiunt
351 1251 549 1305 proprias
581 1250 693 1292 vires
726 1251 926 1306 ultraque
958 1252 1203 1293 remittunt.

98 1323 284 1364 namque
306 1309 381 1351 ubi
403 1325 445 1351 se
469 1310 650 1351 summis
670 1310 800 1351 Aries
824 1310 1002 1352 extollet
1024 1311 1076 1352 ab
1099 1310 1228 1352 undis
1466 1324 1518 1350 505

100 1375 143 1410 et
169 1369 331 1410 cervice
360 1369 480 1424 prior
508 1369 629 1411 flexa
658 1385 788 1424 quam
818 1370 1020 1411 cornibus
1049 1370 1148 1420 ibit,

99 1442 185 1469 non
207 1434 408 1470 contenta
431 1443 507 1470 suo
531 1429 758 1483 generabit
778 1436 953 1484 pectora
978 1445 1104 1471 censu

100 1492 143 1528 et
167 1486 291 1529 dabit
318 1487 365 1528 in
393 1488 574 1542 praedas
601 1488 769 1530 animos
798 1488 1018 1543 solvetque
1044 1489 1267 1543 pudorem.

100 1551 272 1588 tantum
300 1547 456 1588 audere
486 1547 631 1598 iuvat:
669 1547 729 1589 sic
754 1548 848 1602 ipse
878 1548 925 1589 in
953 1563 1112 1589 cornua
1139 1549 1296 1597 fertur,

154 1646 308 1673 sos—584
335 1639 380 1674 cf.
407 1640 517 1674 Firm.
533 1640 615 1675 VIII
643 1652 670 1675 c.
696 1644 833 1675 19—30

155 1716 211 1743 487
238 1713 343 1744 terna
361 1714 397 1744 M
501 1717 559 1745 488
585 1724 659 1746 una
678 1716 713 1745 M
738 1723 851 1746 unam
869 1716 926 1745 LG
1031 1719 1090 1745 489
1116 1713 1249 1756 quinta
1270 1716 1298 1746 G
1365 1724 1446 1756 sep-

94 1756 188 1791 tima
207 1761 268 1791 ML
295 1759 400 1792 sexta
421 1762 447 1792 G
519 1764 597 1792 489⁸
621 1771 760 1794 versum
781 1771 824 1794 θα)
843 1760 975 1794 11232
993 1759 1062 1794 huc
1081 1761 1308 1804 transposuit
1323 1761 1445 1795 Bentz.

141 1816 227 1849 pars
260 1807 316 1839 est
346 1806 468 1849 prima
499 1816 634 1841 nocens
656 1807 774 1841 Bentl.
811 1818 970 1851 parsque
1002 1807 1148 1841 marina
1180 1807 1303 1841 nitens
1325 1811 1349 1840 Ο

94 1852 153 1886 491
177 1856 260 1887 ante
280 1856 352 1887 490
376 1854 562 1888 collocavit
582 1854 647 1889 Br.
700 1855 831 1897 quinta
857 1856 895 1888 et
914 1855 1009 1890 Scaz.
1037 1855 1169 1898 quinta
1196 1858 1252 1888 est
1273 1858 1296 1888 0
1349 1866 1445 1889 nono

94 1901 152 1934 est
170 1900 264 1935 Scal.
290 1911 364 1934 non
390 1902 446 1935 est
465 1904 521 1934 LG
547 1904 590 1935 νδ
610 1905 645 1934 M
752 1909 811 1935 490
838 1902 1034 1935 succedens
1056 1903 1143 1947 Rey.
1173 1901 1399 1936 succendens
1422 1906 1445 1936 Ο

144 1954 203 1980 493
229 1948 464 1982 accumulans
485 1948 578 1983 Scal.
605 1949 840 1983 accumulant
861 1953 884 1982 0
919 1949 1128 1983 accumulat
1149 1953 1170 1982 C
1220 1952 1292 1985 493
1318 1957 1349 1983 et
1375 1952 1446 1984 494

95 1995 212 2029 locum
237 1996 332 2030 inter
356 2006 391 2030 se
416 2000 608 2031 mutarunt
632 1997 673 2030 in
693 1999 728 2029 M
758 1997 818 2031 sed
842 1998 974 2032 litteris
1000 1996 1022 2030 b
1050 2009 1071 2030 a
1097 1997 1184 2031 ordo
1210 1999 1400 2032 restitutus

97 2047 156 2075 498
181 2041 310 2086 frigori
329 2046 365 2075 M
436 2050 495 2076 499
521 2055 593 2087 quo
614 2047 657 2089 V1
735 2050 885 2077 500—501
906 2045 1095 2079 damnavit
1117 2045 1249 2089 Fayus
1299 2050 1357 2077 500
1384 2054 1448 2077 seu

96 2088 248 2133 rapidos
267 2090 386 2125 Bentz.
438 2091 469 2124 si
493 2091 652 2134 rapidiss
679 2102 803 2125 mavor
829 2091 944 2136 signis
970 2092 1155 2126 iaculatur
1179 2091 1218 2125 in
1238 2091 1346 2125 illum
1365 2093 1401 2123 M

98 2142 155 2170 501
181 2135 402 2171 Saturnusve
428 2149 531 2172 suam
554 2140 671 2173 Bentl.
724 2149 877 2182 vapores
899 2140 1019 2174 Bentl.
1047 2138 1185 2174 colores
1207 2139 1250 2171 Ι.1
1275 2137 1446 2172 Phoebus

96 2194 186 2218 veca
210 2183 355 2218 labores
374 2188 409 2217 M
453 2190 535 2229 post
551 2186 586 2220 Ῑι.
606 2197 654 2220 v.:
682 2186 839 2220 orientia
865 2186 972 2231 signa
997 2186 1088 2230 quid
1108 2185 1274 2220 efficiant
1292 2188 1367 2227 MG,
1394 2186 1449 2230 (in

98 2233 158 2275 m.)
178 2235 204 2264 L
301 2238 358 2265 509.
383 2242 452 2266 nec
470 2237 527 2266 LG
551 2244 597 2267 ne
616 2236 652 2266 M
711 2232 926 2277 relinquant
944 2234 988 2267 L¹
1079 2240 1137 2267 505
1164 2232 1316 2267 extollet
1333 2232 1447 2267 Jacob

100 2277 248 2312 extollit
267 2282 291 2312 0
412 2285 471 2313 508
496 2279 687 2324 solvetque
709 2284 736 2314 G
771 2280 954 2325 solvitque
975 2284 1039 2314 MG
1161 2287 1219 2314 509
1246 2281 1393 2314 tantum
1413 2283 1448 2312 M

99 2326 207 2359 tanta
223 2329 280 2359 LG
329 2325 464 2360 audere
484 2330 519 2360 M
545 2328 672 2363 audire
691 2332 748 2361 LG
