1627 2517
166 102 222 143 60
568 102 755 138 MANILII
780 102 1122 138 ASTRONOMICA
1384 104 1463 139 Lib.
1484 104 1520 140 11

169 217 373 265 quartum
400 226 612 266 quemque
638 211 779 253 locum
806 211 1009 253 retinent.
1047 212 1131 253 duo
1157 227 1327 254 cernere
1354 213 1517 263 Pisces,

165 278 205 311 et
233 269 441 311 Geminos
464 270 637 311 iuvenes
661 270 963 325 duplicemque
986 271 1031 312 in
1057 271 1239 326 Virgine
1264 272 1452 314 formam

169 337 209 370 et
238 329 323 371 duo
353 329 564 371 Centauri
594 329 697 371 licet
727 345 812 372 uno
841 345 1017 385 corpora
1049 339 1186 372 textu.

168 388 229 429 sic
257 395 298 430 et
327 388 602 443 simplicibus
629 389 769 443 signis
797 396 883 431 stat
909 390 1051 431 forma
1081 391 1308 444 quadrata.

94 465 144 490 665
167 463 268 489 nam
300 463 438 503 neque
472 448 642 490 Taurus
675 448 804 490 habet
836 450 1053 499 comitem,
1086 465 1162 491 nec
1194 449 1399 504 iungitur
1432 450 1515 491 ulli

169 507 406 549 horrendus
433 508 533 557 Leo,
560 522 636 549 nec
662 508 821 550 metuit
848 508 942 550 sine
965 524 1164 564 compare
1191 524 1452 564 quemquam

168 565 387 621 Scorpius,
418 574 548 622 atque
579 582 664 609 uno
694 575 890 609 censetur
919 568 1146 623 Aquarius
1175 576 1302 610 astro.

163 625 222 666 sic
256 641 551 681 quaecumque
585 634 761 668 manent
797 627 1007 682 quadrato
1039 627 1214 668 condita
1250 627 1411 682 templo

168 685 309 738 signa,
339 700 488 739 parem
518 686 715 727 referunt
745 685 939 727 numeris
969 693 1045 728 ant
1074 693 1265 741 tempore
1295 694 1454 728 sortem

92 762 144 787 610
166 759 213 785 ac
243 744 380 785 veluti
410 752 596 798 cognata
627 751 804 786 manent
836 745 915 786 sub
944 746 1120 786 foedere
1150 745 1244 787 tali.

168 803 330 845 idcirco
352 803 518 845 affines
541 803 719 857 signant
742 804 1036 859 gradibusque
1059 804 1318 860 propinquis

168 863 377 905 accedunt
404 878 576 918 unaque
604 870 753 905 tenent
782 863 860 905 sub
888 863 1086 918 imagine
1111 871 1248 906 natos.

168 924 395 977 [quotquot
416 922 668 964 cardinibus
690 923 864 978 proprie
886 923 1083 965 variante
1104 925 1362 977 moventur]

165 996 274 1036 quae
296 997 560 1037 quamquam
582 982 630 1023 in
651 988 796 1037 partes
817 982 951 1024 divisi
971 990 1177 1037 quattuor
1199 983 1314 1024 orbis

91 1058 141 1083 ετξ)
164 1041 306 1082 sidera
340 1042 551 1096 quadrata
586 1042 813 1091 efficiunt,
848 1057 933 1083 non
967 1042 1063 1096 lege
1097 1042 1299 1097 quadrati

168 1108 408 1142 censentur.
452 1101 595 1142 minor
628 1108 691 1142 est
726 1101 911 1151 numeri,
949 1117 1079 1156 quam
1111 1102 1304 1143 cardinis
1339 1117 1452 1143 usus.

166 1160 339 1214 longior
370 1160 417 1201 in
449 1160 642 1215 spatium
674 1168 870 1215 porrecta
903 1168 967 1202 est
998 1160 1116 1202 linea
1147 1161 1302 1210 maius,

166 1234 274 1273 quae
300 1219 441 1261 tribus
467 1219 652 1261 emensis
677 1219 817 1274 signis
841 1220 951 1261 facit
977 1227 1093 1261 astra
1119 1220 1308 1275 trigona.

162 1278 263 1319 haec
289 1278 344 1320 ad
370 1278 589 1320 amicitias
616 1278 839 1320 imitantes
866 1280 962 1320 iura
989 1280 1258 1334 gradumque

89 1354 140 1379 eso
163 1336 393 1402 sanguinis
419 1345 549 1392 atque
575 1337 735 1379 animis
762 1338 986 1379 haerentia
1011 1345 1185 1393 pectora
1209 1339 1387 1380 ducunt.

161 1403 294 1451 utque
323 1396 419 1451 ipsa
450 1411 500 1438 ex
532 1396 662 1451 longo
692 1403 845 1438 coeunt
876 1404 1091 1438 summota
1120 1412 1297 1447 recessu,

164 1455 223 1496 sic
257 1470 334 1497 nos
367 1455 641 1509 coniungunt
675 1456 915 1497 maioribus
950 1456 1206 1498 intervallis.

164 1515 265 1556 haec
294 1514 476 1556 meliora
504 1522 677 1570 putant,
708 1522 872 1556 mentes
903 1530 1014 1570 quae
1041 1515 1222 1569 iungere
1251 1524 1445 1570 possunt,

168 1589 298 1628 quam
321 1589 430 1629 quae
451 1589 538 1616 non
560 1589 799 1629 numquam
820 1575 975 1616 foedus
997 1575 1074 1616 sub
1098 1575 1310 1629 sanguine
1332 1575 1511 1617 fallunt.

93 1651 144 1676 ess
168 1634 369 1687 proxima
394 1633 552 1675 vicinis
579 1634 869 1683 subscribunt,
898 1634 1028 1675 tertia
1057 1649 1252 1689 quaeque

168 1692 428 1747 hospitibus.
473 1693 533 1735 sic
568 1700 781 1734 astrorum
816 1693 1060 1735 servabitur
1095 1695 1210 1735 ordo.

222 1752 331 1793 adde
359 1767 456 1794 suas
485 1760 629 1806 partes
657 1751 811 1806 signis,
841 1767 918 1794 sua
946 1753 1144 1807 partibus
1173 1760 1301 1794 astra.

162 1826 261 1851 nam
291 1811 405 1851 nihil
435 1811 481 1852 in
512 1818 651 1853 totum
682 1811 814 1853 servit
843 1812 941 1861 sibi
971 1812 1113 1854 mixta
1139 1813 1359 1859 feruntur,

217 1910 273 1956 681
300 1904 434 1938 Lucan.
456 1904 506 1937 ΙΙΙ
527 1909 612 1938 477:
642 1905 714 1958 ‘eir
729 1906 838 1950 longo
938 1906 1097 1958 recessn’

218 1981 276 2007 663
308 1985 382 2008 nno
410 1985 563 2019 corpora
585 1976 810 2010 Be11tl.uno
838 1986 990 2020 corpore
1009 1979 1070 2009 m.
1102 1987 1175 2010 uno
1201 1975 1240 2009 in
1267 1956 1418 2020 corpore
1439 1979 1465 2009 G

159 2023 263 2056 textu
283 2022 404 2056 Bentl
431 2024 575 2056 textum
596 2023 706 2056 MLG²
731 2023 888 2056 mixtum
910 2023 954 2056 G¹
1063 2029 1121 2056 665
1147 2022 1315 2067 iungitur
1336 2026 1362 2056 G
1388 2022 1512 2068 pingi-

158 2071 218 2104 tur
236 2073 262 2103 L
288 2080 334 2103 ne
361 2069 524 2113 cingitur
544 2073 578 2102 M
721 2077 780 2103 666
806 2080 977 2114 compare
1004 2070 1212 2105 Dorvillius
1244 2080 1394 2114 corp01e
1416 2073 1440 2103 0

157 2123 214 2150 667
243 2117 415 2151 censetur
433 2116 515 2150 L²M
541 2120 738 2152 censentur
757 2118 831 2151 L¹G
916 2124 972 2150 671
997 2116 1251 2161 gradibusque
1271 2117 1362 2152 Scal.
1390 2117 1512 2161 gravi-

158 2163 301 2207 busque
321 2166 382 2197 m.
408 2164 583 2208 gravibus
604 2167 629 2197 G
750 2171 809 2198 652
830 2169 913 2209 post
937 2165 970 2198 h.
993 2176 1021 2198 ιτ.
1053 2169 1254 2208 sequuntur
1280 2165 1317 2198 in
1341 2167 1364 2198 0
1391 2167 1509 2199 677—

159 2214 242 2253 686,
270 2213 475 2254 673—676,
502 2214 666 2256 687sqq.,
693 2212 855 2246 ordinem
874 2213 1032 2247 restituit
1053 2211 1166 2246 Jacob
1283 2218 1342 2245 673
1367 2213 1512 2247 seclusit

158 2259 224 2293 Br.
276 2261 460 2302 quotquot
478 2258 553 2292 L²G
578 2258 676 2302 quod
704 2259 803 2302 qnod
823 2260 905 2292 L'M
976 2259 1149 2302 propriae
1170 2262 1195 2292 1.
1315 2266 1374 2292 674
1400 2259 1510 2293 divisi

157 2305 250 2340 8οαῖ.
278 2305 407 2340 divisit
426 2309 450 2340 0
557 2312 616 2339 678
641 2306 777 2340 mensis
798 2309 833 2339 M
940 2312 999 2339 ⁶79
1025 2308 1210 2340 mutantes
1230 2309 1265 2339 Π
1371 2313 1428 2340 681
1455 2308 1510 2340 ab·

158 2363 230 2396 que
250 2355 301 2395 Μς
329 2353 387 2398 ex]
415 2364 436 2387 a
455 2356 498 2399 V2
