1627 2517
67 110 99 134 v.
120 101 307 132 869—914
464 95 654 130 MANILII
677 95 1023 130 ASTRONOMICA
1361 94 1416 136 69

71 206 248 247 adversa
276 220 386 260 quae
413 210 535 260 parte
563 204 689 253 nitet,
720 203 888 244 defessa
916 210 1089 258 peracta

70 264 236 317 militia
263 278 495 319 rursusque
522 278 630 305 novo
657 263 810 304 devota
840 262 979 304 labori

70 322 261 365 cardinis
289 330 331 365 et
357 323 555 365 subitura
582 322 737 376 iugum
766 328 1009 376 sortemque
1037 327 1283 376 potentem3
1437 339 1488 364 895

70 382 263 424 nondum
291 381 423 424 sentit
451 397 558 423 onus
584 381 753 431 mundi,
782 381 871 422 iam
900 388 1044 436 sperat
1072 381 1290 422 honorem.

70 441 327 484 daemonien
347 447 587 482 memorant
606 440 730 490 Grai,
752 440 952 482 Romana
971 455 1047 495 per
1068 455 1141 481 ora

71 501 296 556 quaeritur
322 500 369 541 in
397 515 566 542 versum
594 500 765 542 titulus.
805 500 882 542 sub
910 500 1034 541 corde
1061 499 1207 553 sagaci

69 560 203 602 conde
233 561 374 602 locum
405 575 651 614 numenque
683 559 753 601 dei
786 574 1027 614 nomenque
1058 559 1262 614 potentis,

71 634 180 674 quae
209 618 293 661 tibi
323 619 538 674 posterius
568 634 749 673 magnos
780 625 1034 660 revocantur
1065 618 1118 659 ad
1150 633 1262 660 usus.
1438 636 1491 661 9οο

70 678 140 720 hic
160 685 378 720 momenta
398 685 574 720 manent
594 685 765 720 nostrae
786 678 1041 733 plerumque
1062 677 1218 719 salutis

71 737 269 792 bellaque
297 737 544 779 morborum
571 737 707 779 caecis
735 737 981 792 pugnantia
1010 737 1123 786 telis,

69 796 237 839 viribus
267 797 524 851 ambiguum
555 796 742 851 geminis
772 811 947 838 casusne
977 797 1118 845 deine,

70 871 184 898 nunc
204 857 285 897 huc
305 871 418 898 nuno
438 856 542 898 illue
564 862 721 898 sortem
742 855 955 897 mutantis
975 862 1216 910 utramque.

70 916 143 956 sed
163 915 356 957 medium
374 922 470 970 post
491 916 726 957 articulum
746 921 1006 980 curvataque
1026 914 1219 970 primum
1438 933 1490 957 905

70 974 264 1016 culmina
293 975 492 1016 nutantis
522 990 689 1016 summo
718 975 772 1016 de
804 974 963 1015 vertice
994 974 1148 1015 mundi

72 1034 245 1075 aethera
269 1033 469 1075 Phoebus
492 1033 634 1075 habet.
669 1033 747 1075 sub
772 1049 856 1088 quo
881 1033 984 1089 quia
1007 1048 1185 1088 corpora
1208 1039 1353 1075 nostra

69 1092 292 1134 declinant
317 1092 427 1134 sitia
451 1099 493 1134 et
516 1093 742 1134 fortunam
769 1108 820 1134 ex
846 1092 1011 1134 viribus
1037 1093 1129 1134 eius

71 1152 338 1207 concipiunt,
360 1152 466 1194 deus
486 1152 562 1193 ille
583 1152 700 1194 locus
724 1152 802 1193 sub
824 1151 1000 1193 nomine
1020 1151 1156 1193 Graio

71 1211 247 1252 dieitur.
284 1211 384 1252 huic
410 1212 586 1252 adversa
614 1211 771 1261 nitens,
800 1226 909 1266 quae
936 1211 1078 1266 prima
1104 1211 1295 1265 resurgit
1439 1229 1491 1254 910

71 1271 247 1312 sedibus
275 1286 326 1312 ex
354 1271 457 1312 imis
484 1271 730 1325 iterumque
758 1271 926 1312 reducit
955 1269 1210 1325 Olympum,

73 1345 173 1384 pars
197 1329 353 1371 mundi
375 1330 640 1384 furvumque
666 1329 778 1371 nitet
804 1336 1033 1385 noctesque
1060 1330 1274 1383 gubernat

73 1396 113 1430 et
137 1389 361 1430 dominam
384 1389 582 1443 agnoscit
607 1388 809 1430 Phoeben
833 1390 1030 1430 fraterna
1055 1389 1273 1430 videntem

73 1463 207 1502 regna
238 1463 314 1503 per
345 1449 545 1490 adversas
577 1448 686 1490 caeli
718 1448 940 1502 fulgentia
974 1456 1117 1503 partes

128 1559 185 1587 907
212 1553 323 1587 Firm.
343 1554 375 1587 H
399 1557 454 1596 19,
470 1557 530 1588 10:
560 1554 632 1588 ‘est
657 1555 783 1587 autem
811 1553 871 1587 dei
893 1552 986 1587 Solis
1013 1552 1130 1587 locus’
1225 1560 1282 1587 910
1307 1553 1417 1587 Firm.

70 1600 101 1634 11
124 1604 230 1644 19‚4:
260 1600 362 1635 ‘huic
387 1599 468 1635 loeo
495 1601 574 1634 Dea
599 1611 732 1635 nomen
760 1602 831 1634 est-²

130 1689 188 1716 893
215 1683 370 1717 adversa
395 1694 490 1727 quae
511 1688 539 1717 G
564 1684 709 1718 diversa
735 1695 808 1727 qua
828 1687 862 1716 M
889 1684 1080 1727 adversaq.
1101 1688 1125 1716 L
1188 1686 1340 1727 peracta
1357 1687 1420 1717 ML

71 1730 228 1765 subacta
247 1730 293 1764 (³¹
317 1732 515 1774 superacta
535 1730 581 1764 G²
658 1731 886 1775 adversaque
912 1730 1009 1764 nitet
1035 1730 1180 1764 defessa
1206 1732 1312 1775 parte
1338 1742 1419 1776 per-

71 1780 156 1811 acta
175 1777 219 1810 L²
291 1783 349 1811 890
375 1789 465 1812 onus
485 1778 580 1815 Seal.
605 1789 697 1822 opus
719 1782 742 1812 0
816 1784 875 1811 898
900 1777 939 1811 in
959 1789 1104 1812 versum
1125 1789 1186 1824 eqo
1212 1778 1250 1812 in
1269 1789 1377 1813 versu
1395 1781 1419 1812 0

70 1825 236 1859 inversus
257 1825 410 1860 Housm.
501 1831 560 1858 899
586 1824 740 1860 condelo
761 1835 1056 1868 cumnumenque
1076 1829 1138 1858 ML
1188 1825 1249 1860 dei
1269 1837 1420 1861 nomen-

0 1897 2 1911 1
70 1872 154 1918 que]
183 1872 449 1916 demovemque
468 1875 503 1905 M
622 1879 681 1906 900
706 1884 863 1917 magnus
883 1876 918 1905 M
1036 1879 1096 1906 902
1117 1877 1202 1917 post
1225 1874 1256 1907 h.
1281 1885 1329 1908 αι
1355 1885 1422 1917 per

0 1943 3 1970 5
69 1921 177 1954 tanta
201 1918 368 1964 pericula
392 1919 521 1954 mortis
541 1923 576 1952 M
606 1920 765 1963 spatium
798 1921 911 1955 unius
936 1920 1052 1955 lineae
1076 1931 1231 1955 vacuum
1257 1922 1420 1956 relictum

0 1979 6 1993 Ξ
70 1968 112 2001 in
130 1970 156 2000 1.
181 1967 275 2002 nihil
299 1968 340 2002 in
360 1970 387 2000 G
483 1973 542 2000 903
568 1967 757 2012 geminum
778 1971 806 2000 G
866 1977 1021 2001 casusne
1048 1967 1157 2002 deine
1177 1969 1243 2002 Br.
1272 1979 1421 2002 causas-

70 2025 142 2059 que
167 2014 301 2058 deique
320 2014 431 2048 ML¹G
455 2025 640 2058 causaque
665 2014 799 2058 deique
819 2013 863 2047 12²
957 2021 1018 2048 904
1042 2017 1240 2059 utramque
1261 2019 1289 2049 G
1318 2017 1421 2049 utra-

5 2060 7 2067 ’
72 2072 144 2105 que
163 2065 224 2095 m.
321 2068 380 2095 905
406 2061 604 2096 articulum
626 2062 744 2096 Bentl.
773 2063 873 2095 astra
894 2062 993 2096 diem
1015 2065 1038 2095 0
1069 2064 1193 2096 castra
1213 2062 1311 2096 diem
1326 2062 1418 2097 Scal.

118 2115 178 2142 900
202 2108 384 2155 nutantis]
405 2109 583 2143 nictantis
596 2112 631 2142 M
651 2109 832 2143 mutantis
846 2112 891 2154 V²
990 2116 1047 2143 907
1075 2109 1190 2144 habet
1205 2110 1292 2154 Rey.
1315 2112 1380 2143 aut
1395 2112 1418 2142 0

73 2157 176 2190 amat
194 2155 288 2191 Scal.
355 2166 428 2200 quo
455 2156 544 2200 quia
563 2157 662 2192 Ellis
687 2166 833 2200 quoque
854 2160 878 2190 Ο
1011 2163 1070 2190 908
1097 2156 1287 2191 declinant
1306 2157 1419 2191 Jacob

73 2202 276 2237 decernunt
296 2206 320 2236 0
348 2203 542 2248 detergent
565 2204 710 2239 Garrod
841 2210 901 2237 909
927 2203 1145 2248 concipiunt
1166 2204 1254 2249 Rey.
1288 2215 1420 2237 concu-

72 2250 182 2295 piunt
200 2250 311 2284 MGL²
336 2250 550 2294 concupivit
568 2251 612 2284 Ι,1
693 2257 749 2284 910
774 2251 862 2285 huic
884 2251 969 2296 Rey.
996 2251 1069 2285 huc
1091 2254 1114 2284 0
1189 2258 1241 2284 911
1268 2251 1420 2285 iterum-

73 2309 142 2340 que
162 2297 207 2331 1ιῖ
230 2297 366 2332 iterum
385 2298 459 2331 L¹G
483 2309 607 2332 verum
627 2302 661 2331 M
790 2305 846 2331 912
872 2298 1092 2342 furvumque
1114 2299 1233 2333 Bentz.
1260 2297 1419 2332 fulvum-

73 2355 144 2388 que
166 2348 190 2378 0
239 2346 440 2389 noctesque
459 2344 555 2381 θεαὶ.
581 2345 784 2389 mortisque
805 2348 828 2378 0
