1627 2517
189 87 241 127 12
587 87 772 122 MANILlI
798 87 1140 123 ASTRONOMTCA
1420 90 1499 126 Lib.
1520 90 1535 124 1

186 211 260 250 per
289 195 356 237 bis
384 211 484 237 sena
513 196 659 237 volant
686 203 834 237 contra
862 196 1050 238 nitentia
1079 196 1205 251 signa

113 274 163 298 310
187 255 326 296 mixta
358 270 408 296 ex
441 254 623 296 diversis
654 262 920 309 consurgunt
952 255 1115 297 viribus
1147 263 1261 298 astra

110 569 160 595 315

109 867 159 892 320

105 1456 156 1481 3³0

185 314 286 354 hinc
312 313 455 355 vicina
482 314 580 368 polo
609 314 860 369 Phoebique
889 315 986 356 hinc
1014 316 1213 370 proxima
1239 316 1458 368 flamnlis3

186 388 295 427 quae
329 373 432 427 quia
465 372 708 423 dissimilis,
744 388 827 428 qua
860 381 1041 428 pugnat,
1078 381 1288 429 temperat
1323 390 1406 425 aer,

186 431 458 485 frugiferum
488 432 565 473 sub
594 447 636 473 se
665 432 851 474 reddunt
880 433 1136 475 mortalibus
1165 434 1323 475 orbem.

188 491 387 545 proxima
412 490 621 545 frigentis
647 492 804 533 Arctos
832 492 1086 547 boreamque
1114 492 1327 547 rigentem

187 549 293 591 nixa
319 549 437 591 venit
463 550 624 604 species
651 550 833 604 genibus
859 551 943 592 sibi
969 551 1136 593 conscia
1160 567 1324 593 causae.

183 623 208 649 a
234 616 355 663 tergo
380 609 493 651 nitet
518 609 837 675 Arctophylax,
864 609 1065 665 idemque
1096 611 1262 655 Bootes

182 668 295 722 quod
324 668 516 709 stimulis
542 668 704 710 iunctis
731 669 865 711 instat
893 669 944 711 de
973 684 1088 711 more
1115 670 1320 719 iuvencis,

181 727 505 782 Arcturumque
536 727 651 782 rapit
682 728 825 769 medio
856 728 933 769 sub
963 735 1131 783 pectore
1162 744 1316 770 secum.

182 793 226 827 at
252 792 373 840 parte
399 801 450 827 ex
477 786 565 827 3113
591 786 705 828 claro
732 786 847 828 volat
872 787 971 828 orbe
998 787 1178 837 Corona,

182 845 275 886 luce
304 845 468 886 micans
496 844 639 896 varia;
676 860 776 887 nam
805 845 930 887 stella
959 846 1148 888 vincitur
1177 862 1260 888 una

181 903 381 953 circulus,
409 904 457 945 111
483 904 627 945 media
654 904 797 946 radiat
824 920 932 960 quae
960 905 1151 946 maxima
1176 906 1320 947 fronte

182 963 451 1018 candidaque
475 963 644 1004 ardenti
667 963 905 1017 distinguit
926 963 1094 1006 lumina
1115 965 1319 1006 flamma:

182 1021 348 1063 Gnosia
373 1023 564 1064 desertae
588 1023 765 1076 fulgent
789 1022 1055 1064 monimenta
1081 1024 1262 1078 puellae.

182 1087 227 1122 at
247 1081 363 1135 Lyra
381 1081 572 1122 diductis
591 1096 665 1136 per
683 1082 850 1123 caelum
867 1082 1068 1123 cornibus
1085 1082 1198 1124 inter

130 1164 161 1187 οὗ
185 1139 326 1181 sidera
349 1140 627 1195 conspicitur,
651 1156 735 1195 qua
759 1140 976 1195 quondam
999 1148 1167 1196 ceperat
1192 1141 1390 1196 Orpheus

184 1214 307 1240 omne
332 1199 445 1253 quod
470 1199 680 1252 attigerat
703 1206 832 1241 cantu
857 1215 1088 1255 manesque
1112 1216 1187 1255 per
1209 1200 1326 1255 ipsos

182 1258 290 1298 fecit
319 1258 402 1299 iter
431 1258 684 1312 domuitque
714 1257 910 1299 infernas
938 1259 1127 1300 carmine
1156 1259 1285 1312 leges.

183 1316 283 1357 hinc
303 1316 499 1358 caelestis
519 1317 651 1358 honos
671 1316 912 1371 similisque
934 1318 1129 1371 pot-entia
1149 1333 1321 1359 causae:

182 1383 283 1416 tunc
316 1375 447 1416 silvas
478 1382 521 1416 et
552 1391 654 1417 saxa
687 1376 873 1424 trahens,
907 1391 1019 1417 nunc
1051 1376 1190 1417 sidera
1224 1377 1342 1418 ducit

180 1442 222 1475 et
242 1435 359 1489 rapit
380 1434 638 1476 immensum
661 1434 811 1476 mundi
834 1434 1084 1476 revolubilis
1106 1435 1264 1477 orbern.

178 1492 430 1548 Serpentem
463 1493 635 1547 magnis
667 1492 922 1548 Ophiuchus
952 1494 1125 1535 nomine
1157 1494 1294 1548 signis

178 1551 351 1601 dividit,
384 1559 432 1593 ut
458 1559 548 1593 toto
576 1553 821 1606 cingentem
847 1568 1019 1608 corpore
1047 1568 1199 1608 corpus

180 1611 368 1665 explicet
395 1618 437 1652 et
466 1612 597 1652 nodos
626 1611 882 1665 sinuataque
912 1619 1032 1665 terga
1064 1628 1136 1666 per
1164 1613 1306 1654 orbos:

234 1734 292 1760 :309
318 1727 479 1761 nitentia
504 1731 560 1761 LG
586 1727 751 1762 nicentia
778 1728 829 1760 M¹
855 1727 1020 1762 lucentia
1047 1728 1099 1761 Μ2
1231 1735 1283 1762 311
1311 1729 1446 1775 vicina]
1473 1729 1526 1762 vi-

175 1786 261 1809 cena
292 1778 326 1807 M
384 1774 470 1819 polo
498 1775 682 1821 Pinyreus
706 1774 783 1819 poli
809 1779 865 1809 LG
916 1775 1010 1810 caeli
1036 1776 1122 1810 huic
1149 1779 1183 1808 M
1209 1777 1263 1819 (in
1290 1788 1333 1810 m..
1361 1775 1438 1811 solo
1465 1776 1524 1811 hic·

175 1821 278 1864 caeli,
306 1824 436 1865 quibus
462 1823 579 1857 verbis
604 1822 729 1857 deletis
753 1834 797 1857 ss.
825 1821 902 1866 poli
930 1823 1099 1867 caelique
1125 1823 1226 1867 hinc)
1314 1823 1526 1867 Phoebique

174 1869 352 1904 Schrader
378 1868 547 1913 caelique
573 1874 629 1904 LG
820 1876 875 1903 314
901 1870 1084 1915 rigentem
1109 1874 1166 1904 LG
1190 1872 1382 1916 regentem
1408 1874 1442 1903 M

173 1923 229 1949 :316
250 1920 334 1960 post
359 1919 429 1951 313
452 1920 508 1949 LG
557 1917 607 1951 ad
626 1918 657 1951 h.
680 1928 725 1952 v.:
754 1917 997 1961 Arctophilax
1017 1921 1051 1950 M
1077 1917 1255 1952 Artofilax
1274 1922 1299 1951 L
1379 1924 1432 1950 317
1461 1917 1525 1952 sti-

174 1963 283 1998 mulis
311 1965 430 1999 Bentl.
458 1964 590 1999 similis
618 1968 641 1998 0
775 1971 829 1998 321
857 1965 980 1999 media
1006 1969 1069 1998 MG
1094 1964 1216 1999 medio
1243 1969 1268 1998 L
1340 1964 1465 1998 radiat
1490 1968 1524 1997 M

174 2011 324 2045 radians
350 2015 375 2044 1.
402 2011 553 2045 radiant
578 2015 605 2046 G
702 2018 759 2044 323
786 2011 931 2056 fulgent
957 2015 991 2045 M
1016 2014 1053 2046 et
1079 2012 1226 2057 fulgent
1249 2015 1306 2045 LG
1402 2019 1459 2045 :124
1486 2014 1524 2045 at

174 2058 266 2093 Scal.
295 2060 332 2093 et
358 2061 382 2091 0
468 2058 630 2093 diductis
657 2059 750 2094 Scal.
779 2059 949 2093 deductis
977 2063 1000 2093 0
1133 2065 1191 2092 826
1215 2069 1416 2102 manesque
1443 2059 1524 2092 ML²

174 2116 401 2149 manensque
425 2106 469 2139 L¹
496 2116 724 2149 manansque
752 2110 779 2140 G
875 2113 930 2140 331
958 2108 1166 2151 serpentem
1191 2109 1247 2139 LG
1274 2106 1463 2151 inge-ntem
1489 2109 1523 2138 M

219 2153 380 2198 magnis]
407 2152 528 2188 Graiis
557 2154 675 2188 Bemz.
727 2152 916 2198 Ophiuous
936 2157 993 2187 LG
1019 2153 1167 2198 Orpheu
1195 2153 1239 2187 de
1266 2156 1300 2186 M
1326 2155 1380 2198 (in
1407 2165 1448 2187 m
1476 2156 1523 2187 116

173 2200 378 2244 Ophiucus)
446 2200 578 2246 signis]
606 2200 725 2234 dictus
754 2202 871 2236 Bentl.
978 2208 1036 2234 332
1061 2203 1104 2234 ut
1129 2202 1207 2236 toto
1233 2211 1294 2246 eyo
1321 2202 1358 2234 et
1383 2202 1461 2234 1010
1489 2203 1523 2233 Μ

172 2279 185 2293 Ἰ,
211 2247 323 2282 0113111
354 2248 432 2281 1010
451 2252 476 2281 L
504 2249 558 2291 (in
578 2249 694 2282 litura
714 2249 764 2291 et)
792 2250 903 2292 atque
924 2248 1038 2282 etiam
1059 2250 1138 2282 toto
1159 2251 1187 2281 G
1237 2247 1446 2291 cingentem
1469 2247 1521 2280 Μ2

173 2295 294 2336 (etiam
321 2296 361 2329 in
386 2296 446 2339 m.)
481 2284 671 2337 ingentem
697 2295 776 2328 M¹L
812 2295 942 2340 ingens
970 2299 997 2329 G
1141 2301 1198 2328 333
1226 2294 1387 2338 explicet
1413 2295 1520 2327 MLG¹

173 2342 335 2385 explicat
361 2341 406 2375 G²
455 2344 492 2376 et
518 2345 544 2375 G
570 2344 611 2376 ut
637 2345 697 2375 ML
