1627 2517
163 100 220 141 64
564 98 751 133 MANILII
777 96 1121 132 ASTRONOMICA
1385 95 1462 130 Lib.
1483 94 1518 129 11

163 223 270 263 quae
309 206 394 248 nisi
428 206 702 248 constiterint
739 205 893 260 primis
927 204 1113 246 fundata
1152 203 1388 246 elementis.

94 286 146 311 764
167 267 331 309 effluat
354 266 401 307 in
422 281 581 307 vanum
605 280 747 307 rerum
772 271 1073 320 praeposterus
1097 263 1213 313 ordo,

94 345 144 370 763
167 341 386 381 versaque,
413 340 521 381 quae
544 340 724 380 propere
746 324 946 366 dederint
968 329 1195 378 praecepta
1221 322 1444 377 magistri:

94 403 144 430 765
166 386 227 427 sic
256 385 367 426 mihi
396 400 471 440 per
501 391 641 426 totum
672 383 876 425 volitanti
906 383 1097 424 carmine
1125 383 1337 424 mundum

167 451 377 499 erutaque
406 445 603 486 abstrusa
634 443 810 498 penitus
840 443 1030 497 caligine
1062 443 1157 484 fata

168 504 397 546 Pieridum
427 503 619 545 numeris
646 503 781 544 etiarn
811 502 1034 544 modulata
1064 502 1251 550 canenti,

168 579 338 619 quoquc
360 564 466 605 deus
487 569 642 617 regnat
664 562 883 604 revocanti
907 577 1067 603 numen
1090 561 1137 602 in
1160 568 1264 610 arte,

168 638 243 678 per
272 629 416 678 partes
443 623 640 664 ducenda
669 622 799 671 fides,
832 628 874 663 et
904 621 1079 675 singula
1109 636 1252 662 rerum

96 701 147 726 77ο
169 689 270 724 sunt
294 682 504 737 gradibus
527 682 737 724 tradenda
762 681 865 731 suis,
893 687 940 722 ut
965 696 1061 722 cum
1085 680 1232 722 omnia
1256 687 1372 721 certa

167 742 329 783 notitia
362 741 578 791 steterint,
611 740 810 796 proprios
843 746 1094 781 revocentur
1128 739 1181 780 ad
1216 737 1330 780 ususss

169 816 216 843 ac
239 802 357 843 velut
379 801 425 842 in
448 800 578 842 nudis
602 816 699 842 cum
723 806 908 854 surgunt
932 799 1153 840 montibus
1177 798 1314 847 urbes,

167 860 363 902 conditor
393 866 434 901 et
463 875 616 901 vacuos
647 859 783 901 muris
810 858 1076 900 circumdare
1105 857 1231 899 colles

169 919 375 969 destinat,
404 925 504 960 ante
531 933 684 960 manus
712 933 842 973 quam
871 923 1056 971 temptet
1083 916 1276 958 scindere
1302 917 1452 957 fossas.

97 998 148 1023 775
170 986 310 1021 versat
334 994 462 1033 opus:
492 978 581 1019 ruit
606 993 697 1019 ecce
721 993 886 1027 nemus,
912 977 1132 1031 saltusque
1154 975 1313 1017 vetusti

171 1037 460 1093 procumbunt
488 1038 705 1092 solemque
734 1052 906 1080 novum,
935 1051 1043 1077 nova
1072 1035 1214 1076 sidera
1243 1041 1446 1077 cernunt:

171 1097 352 1152 pellitur
380 1112 504 1138 omne
530 1097 622 1138 loco
651 1097 872 1137 volucrum
901 1110 1037 1149 genus
1065 1101 1194 1149 atque
1221 1095 1428 1137 ferarum.

171 1157 461 1211 antiquasque
490 1157 639 1197 domos
669 1161 711 1197 et
741 1162 843 1197 nota
875 1154 1040 1197 cubilia
1071 1154 1301 1209 linquunt:

171 1223 237 1258 ast
266 1216 345 1257 alii
375 1215 541 1257 silicem
571 1216 617 1256 in
646 1230 791 1257 muros
821 1221 862 1256 et
891 1229 1105 1256 marmora
1135 1213 1312 1268 templis

100 1294 149 1320 780
172 1275 402 1325 rimantur,
430 1274 626 1330 ferrique
654 1275 772 1328 rigor
800 1289 875 1329 per
903 1281 1097 1328 tempora
1127 1279 1228 1314 nota

173 1334 412 1390 quaeritur,
444 1334 544 1375 hinc
573 1340 700 1383 artes,
731 1334 833 1374 hinc
865 1333 1005 1374 omnis
1035 1332 1232 1374 convenit
1265 1346 1388 1375 usus:

173 1401 274 1436 tunc
301 1394 476 1435 demum
503 1393 728 1446 consurgit
757 1408 877 1447 opus,
907 1408 1002 1433 cum
1031 1398 1183 1433 cuncta
1212 1398 1454 1445 supersunt.

172 1468 225 1495 ne
252 1452 417 1494 medios
443 1459 619 1507 rumpat
645 1467 793 1493 cursus
821 1458 1095 1506 praepostera
1124 1466 1246 1492 cura:

173 1513 233 1554 sic
257 1512 367 1553 mihi
390 1511 613 1554 cunctanti
637 1518 784 1553 tantae
809 1511 1029 1552 succedero
1054 1510 1158 1551 moli

101 1592 152 1617 785
173 1572 376 1614 materies
406 1571 598 1626 primum
628 1586 771 1612 rerum
802 1570 969 1611 ratione
1001 1576 1164 1611 remota

174 1632 384 1673 tradenda
410 1637 486 1681 est,
512 1631 625 1672 ratio
651 1629 709 1672 sit
735 1645 786 1671 ne
813 1635 910 1685 post
934 1629 1076 1679 irrita,
1104 1644 1209 1670 neve

175 1697 432 1745 argumenta
464 1690 587 1732 novis
619 1695 823 1744 stupeant
856 1688 1076 1730 nascentia
1110 1688 1248 1729 robus.

234 1765 335 1804 ergo
364 1765 457 1804 age,
487 1749 712 1791 noscendis
740 1748 936 1790 animum
966 1762 1172 1802 compone
1201 1761 1397 1800 sagacem

233 1872 289 1899 788
300 1877 378 1909 sqq.
407 1866 450 1899 cf.
478 1866 586 1900 Firm.
607 1865 639 1899 Π
662 1870 704 1899 15

235 1979 387 2005 763-764
412 1973 508 2007 inter
525 1983 560 2006 se
581 1972 806 2016 transposuit
826 1972 892 2005 Br.
981 1977 1037 2003 764
1065 1970 1194 2004 effluat
1213 1970 1257 2002 1.²
1282 1971 1320 2003 et
1338 1968 1431 2003 fluat
1449 1969 1523 2001 L¹G

173 2022 216 2054 ut
241 2019 333 2053 fluat
352 2022 386 2052 Μ
513 2026 570 2052 765
596 2018 725 2052 mundi
745 2022 771 2051 L
900 2025 953 2051 767
983 2017 1131 2051 canenti
1152 2017 1237 2062 Req.
1272 2016 1429 2050 canendi
1450 2019 1474 2049 0

175 2074 233 2101 7⁶8
259 2069 377 2101 artem
402 2067 571 2101 Immisch
694 2072 751 2098 770
778 2067 819 2100 ut
844 2066 936 2100 Scal.
964 2066 1002 2099 et,
1021 2067 1045 2097 0
1175 2071 1228 2097 771
1255 2063 1393 2098 nuncia
1419 2063 1521 2097 stite-

174 2115 250 2149 rint
269 2118 303 2147 M
363 2115 581 2149 revocentur
601 2114 689 2158 Rey.
715 2114 935 2147 revocantur
955 2115 978 2145 0
1077 2118 1133 2144 772
1160 2111 1285 2157 nudis]
1313 2110 1421 2145 undis
1441 2113 1476 2143 M

174 2174 256 2196 cum
277 2162 435 2207 surgunt
452 2161 546 2196 ScaL
573 2161 800 2204 consurgunt
821 2163 844 2193 0
894 2158 1004 2193 urbes
1025 2159 1111 2203 Rey.
1139 2159 1245 2193 orbes
1267 2161 1290 2192 0
1354 2165 1412 2191 773
1438 2168 1523 2192 con-

175 2210 272 2244 ditor
292 2210 379 2255 Req.
406 2208 577 2243 conditur
597 2211 620 2241 0
732 2213 788 2240 775
814 2208 938 2241 versat
958 2207 1078 2241 Bentl.
1106 2206 1217 2240 vertit
1238 2209 1262 2240 0
1370 2211 1427 2239 778
1452 2204 1524 2239 lin-

175 2257 257 2301 quit
277 2257 321 2291 G¹
404 2262 461 2289 779
487 2254 637 2300 templis
657 2254 750 2289 Scal.
778 2253 909 2298 templi
932 2257 956 2287 0
1038 2260 1092 2286 781
1118 2253 1205 2288 hinc
1232 2254 1330 2288 artes
1351 2256 1412 2286 m,
1437 2251 1524 2286 huic

175 2306 273 2338 artes
294 2308 321 2338 G
388 2303 506 2338 omnis
531 2314 597 2337 om.
618 2305 653 2335 M
764 2308 818 2335 787
842 2305 926 2346 post
950 2301 982 2334 h.
1004 2312 1053 2335 v.:
1081 2301 1126 2334 de
1152 2300 1367 2334 cardinibus
1393 2299 1524 2333 mundi

174 2355 239 2385 ΜΘ
264 2353 315 2397 (in
343 2363 387 2386 m.
409 2353 447 2395 L)
