1627 2517
95 248 148 273 590

96 547 148 573 ⁵95

98 843 150 869 600

98 1139 150 1164 605

98 1434 150 1460 610

168 122 223 163 96
556 122 745 156 MANILII
771 121 1116 157 ASTRONOMICA
1366 122 1446 158 Lib.
1466 122 1516 157 111

168 230 204 271 si
231 230 337 271 bene
362 230 608 272 constiterit
632 229 776 285 primo
802 230 881 272 sub
907 230 1082 272 cardine
1107 230 1225 280 luna,

169 305 253 344 qua
275 289 389 331 redit
411 289 458 330 in
481 296 616 331 terras
639 290 826 331 mundus
847 305 1107 344 nascensque
1129 290 1294 332 tenebit

169 355 380 397 exortum,
412 355 584 390 octonos
612 348 755 390 decies
784 349 965 390 ducetur
994 348 1040 390 in
1072 364 1219 398 annos,

169 408 214 448 ni
241 407 326 448 duo
353 407 572 449 decedant.
611 414 656 449 at
682 423 779 450 cum
806 408 884 449 sub
907 407 1097 449 culmine
1123 423 1291 450 summo

169 466 388 515 consistet,
418 466 558 508 tribus
586 466 655 507 hic
683 482 888 508 numerus
915 467 1199 508 fraudabitur
1227 467 1366 508 annis.

170 525 236 567 bis
260 526 561 580 quadragenos
585 541 756 567 occasus
780 525 899 567 dives
923 526 970 567 in
995 532 1115 568 actus

170 585 273 626 solis
300 592 405 635 erat,
432 600 612 626 numero
639 585 725 627 nisi
754 586 918 627 deesset
946 585 1164 640 olympias
1191 600 1299 635 una;

169 644 344 699 imaque
371 644 556 686 tricenos
582 644 649 686 bis
673 645 964 686 fundamenta
990 660 1066 699 per
1093 659 1228 686 annos

169 710 396 745 censentur
427 703 494 745 bis
527 718 599 745 sex
631 703 814 745 adiectis
846 703 1067 745 mensibus
1100 719 1215 745 aevo.

170 763 370 818 quodque
398 763 521 817 prius
549 770 701 804 natum
729 763 868 804 fuerit
897 763 1183 817 dextrumque
1213 762 1452 817 trigonum,

170 822 248 863 hoc
275 837 511 876 sexagenos
539 821 698 863 tribuit
725 822 1009 876 duplicatque
1039 828 1283 877 quaternos.

170 882 284 936 quod
304 881 444 923 fuerit
463 882 634 923 laevum
654 881 936 936 praelataque
957 880 1085 935 signa
1104 889 1319 936 sequetur,

171 940 356 982 tricenos
382 956 516 982 annos
540 940 753 996 duplicat,
780 940 861 982 tris
887 941 1065 995 insuper
1092 941 1229 982 addit.

170 1015 365 1055 quaeque
388 1015 516 1055 super
538 1000 715 1054 signum
738 1015 916 1042 nascens
939 1016 961 1041 a
986 999 1162 1041 cardine
1182 999 1375 1054 primum

171 1059 302 1100 tertia
325 1060 469 1101 forma
493 1065 557 1100 est
579 1066 624 1101 et
650 1074 817 1100 summo
842 1059 932 1100 iam
954 1059 1157 1113 proxima
1182 1058 1312 1108 caelo,

171 1118 274 1160 haec
305 1124 370 1160 ter
402 1117 573 1160 vicenos
607 1118 817 1172 geminat,
852 1118 933 1159 tris
967 1117 1184 1160 abstrahit
1216 1133 1362 1159 annos.

171 1192 366 1233 quaeque
390 1178 510 1219 infra
535 1177 680 1220 veniet
703 1178 846 1232 spatio
870 1177 1012 1219 divisa
1039 1177 1116 1219 sub
1141 1192 1289 1232 aequo,

171 1252 246 1291 per
276 1237 610 1292 quinquagenas
640 1237 827 1292 complet
858 1252 935 1279 sua
966 1252 1146 1278 munera
1178 1237 1365 1278 brumas.

171 1311 384 1351 quemque
404 1297 545 1338 locum
565 1303 741 1351 superat
759 1311 938 1338 nascens
959 1296 1224 1350 homscopos,
1246 1295 1322 1336 ille

170 1355 280 1396 dena
309 1362 461 1410 quater
487 1362 657 1397 revocat
685 1355 895 1397 vertentis
924 1361 1119 1409 tempora
1147 1354 1251 1396 solis

172 1414 501 1469 accumulatque
527 1415 634 1456 duos
660 1429 807 1456 cursus
834 1415 1119 1468 iuvenemque
1146 1413 1370 1468 relinquit.

171 1480 216 1514 at
243 1473 319 1528 qui
347 1473 568 1528 praecedit
596 1473 817 1527 surgentis
845 1473 1037 1514 cardinis
1066 1488 1199 1522 oram,

170 1532 341 1574 vicenos
371 1540 599 1587 ternosque
627 1532 752 1574 dabit
781 1532 1059 1574 nascentibus
1089 1547 1222 1574 annos

170 1592 244 1632 vix
274 1592 552 1646 degustatam
582 1592 758 1647 rapiens
788 1592 866 1633 sub
896 1591 1009 1633 flore
1040 1591 1277 1633 iuventam.

173 1652 286 1705 quod
307 1666 434 1706 super
454 1667 626 1693 occasus
646 1651 858 1705 templum
877 1657 956 1699 est,
978 1657 1043 1692 ter
1062 1651 1171 1692 dena
1191 1649 1382 1691 remittit

228 1764 283 1790 591
310 1768 383 1800 qua
404 1757 525 1791 Bentl.
551 1767 624 1800 quo
646 1759 669 1789 0
719 1755 832 1801 redit]
859 1756 977 1790 credit
998 1759 1024 1789 G
1074 1755 1216 1789 tenebit
1236 1758 1263 1788 G
1289 1753 1441 1788 tenebat
1455 1756 1517 1786 m.

216 1811 274 1838 593
301 1804 339 1838 ni
359 1807 423 1837 ΜΘ
449 1804 479 1838 si
499 1808 524 1837 L
586 1802 769 1838 decedant
788 1802 861 1836 L²G
888 1803 1063 1837 decidant
1082 1802 1162 1835 Lm
1271 1809 1330 1835 595
1357 1800 1517 1845 quadra-

169 1862 283 1897 genos
303 1854 337 1884 M
371 1851 623 1896 quadragenis
641 1854 696 1884 LG
848 1851 969 1896 actus]
996 1860 1111 1884 annos
1133 1850 1199 1884 Br.
1236 1850 1334 1884 ortos
1355 1849 1469 1884 Bentl.

168 1905 227 1932 590
253 1897 357 1944 solis]
384 1897 483 1932 solus
504 1900 624 1934 Bentl.
654 1900 696 1942 (v.
719 1900 790 1933 595
816 1899 950 1944 legens:
978 1896 1242 1942 quadragenis)
1335 1894 1517 1939 olympias

168 1956 243 1979 una
262 1947 357 1981 Bon.
385 1944 540 1990 olimpia
565 1945 654 1980 luna
672 1949 729 1979 LG
754 1944 895 1990 olimpa
920 1944 1010 1978 luna
1029 1948 1064 1979 Μ
1167 1950 1223 1977 597
1251 1942 1401 1986 imaque
1421 1942 1515 1977 Scal.

167 1993 361 2037 primaque
382 1996 406 2026 0
522 2000 580 2027 599
606 1992 779 2037 quodque
799 1992 874 2026 L’G
898 2002 1046 2036 quoque
1065 1991 1146 2025 11²1
1260 1996 1316 2023 001
1343 1991 1518 2033 sequetur

169 2041 256 2086 Rey.
283 2041 484 2083 sequentur
504 2043 527 2074 0
648 2047 706 2073 ⁰02
733 2039 902 2084 duplicat
923 2043 950 2073 G
981 2038 1174 2083 duplicant
1193 2040 1254 2070 m
1375 2043 1434 2070 604
1461 2038 1517 2071 est

169 2089 206 2122 et
224 2087 299 2121 L²G
329 2089 365 2121 et
384 2087 465 2121 Lm
496 2086 565 2121 erit
591 2089 628 2121 et
654 2088 698 2122 L.
722 2087 850 2122 Muezl.
882 2086 984 2122 venit
1003 2086 1069 2121 Br.
1218 2091 1278 2118 005
1313 2083 1406 2118 haec
1427 2084 1515 2128 Rey.

168 2146 236 2170 nec
257 2138 280 2169 0
342 2134 529 2169 abstrahit
549 2138 576 2167 G
602 2134 798 2168 abstrahat
817 2138 878 2168 HI.
929 2132 1036 2168 annis
1057 2136 1092 2166 Μ
1189 2138 1248 2165 600
1275 2131 1400 2166 veniet
1419 2130 1514 2166 Seal.

167 2182 317 2217 veniens
338 2185 362 2216 0
476 2189 533 2215 007
561 2191 628 2225 per
646 2182 740 2216 Scal.
767 2182 823 2215 ter
843 2184 867 2214 0
936 2179 1098 2224 complet
1120 2179 1206 2225 Ray.
1234 2178 1422 2223 complent
1442 2181 1466 2211 0

166 2229 316 2264 brumas
337 2233 372 2263 M
396 2228 528 2264 bruma
546 2232 603 2262 LG
707 2235 766 2261 008
793 2228 1016 2272 horoscopos
1035 2230 1071 2260 M
1103 2238 1162 2260 -us
1182 2230 1239 2260 LG
1335 2232 1394 2259 009
1420 2225 1516 2259 dena

167 2276 247 2310 ΠΗ
273 2277 371 2312 dona
388 2277 463 2310 L¹G
546 2282 603 2309 010
629 2275 780 2320 reliquit
802 2280 829 2309 G
912 2281 966 2309 011
992 2273 1184 2318 praecedit
1204 2277 1231 2307 G
1256 2271 1513 2318 praeciditur

214 2335 317 2358 oram
343 2334 405 2369 eqo
428 2325 557 2358 horam
578 2326 602 2356 0
759 2329 815 2356 614
849 2321 1028 2367 templum
1056 2323 1112 2355 est
1131 2322 1254 2356 Bentl.
1290 2320 1515 2364 temptatum

167 2373 224 2405 est
245 2375 268 2404 0
318 2373 374 2405 ter
399 2371 495 2406 dena
513 2374 549 2404 Π
574 2370 671 2404 dena
691 2373 746 2403 LG
772 2369 841 2404 hoc
868 2369 963 2404 dena
985 2369 1103 2404 Bentl.
1130 2370 1187 2403 ter
1213 2378 1302 2402 sena
1321 2368 1388 2403 Br.
