1627 2517
111 412 163 437 320

111 708 162 733 825

111 1006 165 1031 530

114 1303 166 1328 835

116 1598 168 1623 840

183 106 238 148 66
584 104 772 140 MANILII
797 104 1139 139 ASTRONOMICA
1402 103 1481 137 Lib.
1502 101 1534 136 ΙΙ

183 213 360 255 reddere
391 213 488 255 iura
516 213 628 262 foro,
660 227 913 267 componere
944 211 1116 265 legibus
1147 211 1291 253 orbem

180 273 514 327 foederibusque
548 271 637 313 suis
671 278 867 313 externas
901 271 1081 325 iungere
1115 278 1264 324 gentes

184 339 225 373 et
256 347 333 386 pro
364 339 476 373 sorte
507 346 584 373 sua
615 331 824 385 cuiusque
856 330 1062 372 extollere
1092 345 1261 371 nomen.

184 391 424 446 proximus,
453 397 645 432 extrema
673 406 937 445 quamquam
965 390 1152 432 statione
1181 390 1359 439 locatus,

184 450 369 492 sustinet
400 450 588 491 aeternis
616 450 770 491 nixum
800 449 1018 491 radicibus
1049 450 1208 491 orbem.

185 510 352 552 effectu
379 510 522 551 minor
548 509 595 550 in
622 509 776 564 specie,
806 510 878 550 sed
906 509 1044 550 maior
1070 509 1117 550 in
1146 524 1239 558 usu,

183 570 471 611 fundamenta
501 575 619 611 tenet
646 584 789 610 rerum
817 584 1052 623 censusque
1081 568 1316 622 gubernat:

185 644 315 683 quam
338 635 432 670 rata
455 628 544 670 sint
564 628 695 670 fossis
719 635 936 670 scrutatur
960 634 1059 669 vota
1080 627 1271 669 metallis

185 696 314 754 atque
348 704 399 729 ex
433 688 598 730 occulto
634 694 846 743 quantum
881 687 1133 741 contingere
1167 687 1318 742 possis.

186 748 341 789 tertius
365 747 537 802 aequali
560 747 760 802 pollens
749 762 795 788 1n
818 753 955 802 parte,
980 747 1192 788 nitentem

185 807 260 862 qui
291 814 408 849 tenet
433 814 648 857 exortum,
679 822 763 861 qua
792 822 985 861 primum
1014 806 1156 847 sidera
1184 812 1383 859 surgunt,

186 867 298 908 unde
330 866 422 908 dies
453 865 567 908 redit
598 872 639 908 et
671 872 842 920 tempus
873 865 1075 907 discribit
1105 865 1152 906 in
1184 865 1322 914 horas,
1356 888 1408 892 —-

187 926 287 967 hinc
316 926 433 968 inter
463 925 622 968 Graias
654 925 913 980 horoscopus
946 924 1091 966 editur
1124 925 1262 974 urbes,

185 1001 261 1027 nec
292 985 411 1040 capit
442 992 683 1034 externum,
716 985 891 1040 proprio
925 985 1027 1039 quia
1060 983 1235 1025 nomine
1266 984 1441 1037 gaudet,
1475 1006 1528 1010 -—

186 1046 257 1086 hic
283 1052 399 1087 tenet
425 1045 658 1086 arbitrium
684 1044 814 1094 vitae,
841 1044 911 1085 hic
939 1044 1090 1097 regula
1115 1059 1284 1085 morum
1311 1050 1387 1092 est,

184 1106 496 1159 fortunamque
528 1104 651 1146 dabit
683 1104 810 1145 rebus
843 1104 1053 1158 ducetque
1086 1118 1162 1157 per
1195 1109 1321 1152 artes,

186 1164 420 1219 qualiaque
450 1163 673 1218 excipiant
701 1163 917 1205 nascentis
946 1170 1141 1217 tempora
1168 1162 1324 1217 prima,

187 1239 292 1279 quos
322 1223 500 1278 capiant
527 1224 684 1273 cultus,
717 1222 837 1278 quali
869 1223 957 1264 sint
988 1223 1085 1263 sede
1115 1221 1263 1271 creati,

189 1290 421 1338 utcumque
449 1283 660 1324 admixtis
683 1283 949 1324 subscribent
977 1282 1142 1323 viribus
1166 1288 1293 1322 astra.

187 1342 371 1384 ultimus
399 1357 569 1383 emenso
597 1341 672 1396 qui
701 1341 849 1383 condit
877 1341 1018 1382 sidera
1047 1341 1208 1382 mundo

188 1416 469 1456 occasumque
498 1408 648 1442 tenens
676 1400 945 1442 submersum
975 1399 1161 1454 despicit
1191 1399 1350 1448 orbem,

187 1461 377 1516 pertinet
409 1461 462 1501 ad
493 1476 635 1502 rerum
667 1475 857 1501 summas
886 1459 1115 1514 finemque
1145 1459 1356 1508 laborum,

187 1520 394 1574 coniugia
425 1526 554 1575 atque
584 1520 734 1574 epulas
764 1526 1042 1574 extremaque
1072 1525 1267 1573 tempora
1297 1518 1412 1559 vitae

189 1580 364 1634 otiaque
395 1586 610 1621 et·coetus
642 1578 868 1620 hominum
899 1578 1126 1633 cultusque
1157 1579 1348 1619 deorum.

247 1703 304 1730 824
337 1696 446 1730 Firm.
468 1695 500 1729 Π
522 1700 576 1736 12),
593 1701 628 1730 5:
668 1695 861 1739 ‘quicquid
888 1695 936 1728 ad
962 1694 1122 1728 latentes
1150 1697 1187 1728 et
1212 1694 1396 1738 repositas
1422 1693 1538 1737 patri-

187 1743 303 1778 monii
329 1744 492 1788 pertinet
517 1743 732 1777 facultates’
903 1749 961 1775 8259
988 1741 1033 1776 cf.
1060 1741 1170 1776 Firm.
1192 1741 1224 1775 II
1246 1745 1300 1783 19,
1316 1744 1353 1775 8:
1384 1742 1443 1775 ‘ex
1469 1740 1538 1775 hoc

187 1791 266 1825 loco
293 1790 516 1834 qualitatem
543 1791 579 1824 et
605 1790 854 1833 quantitatem
881 1800 1103 1833 quaeramus
1129 1789 1360 1832 nuptiarum’

247 1893 306 1919 820
332 1890 496 1919 extrema
524 1886 671 1920 Garrod
697 1886 753 1919 est
778 1885 853 1918 ima
874 1888 898 1918 0
1016 1891 1071 1917 821
1099 1883 1259 1918 aeternis
1282 1884 1400 1918 Bencl.
1429 1882 1538 1916 alter-

188 1933 245 1967 nis
266 1937 322 1966 LG
354 1932 506 1966 alterius
527 1936 562 1965 M
670 1933 797 1966 nixum
817 1936 886 1965 Μ011
918 1931 1074 1966 mixtum
1095 1930 1204 1964 ML²G
1235 1933 1404 1965 muxtum
1424 1930 1467 1963 L¹

187 1987 245 2014 822
272 1980 392 2024 specie
413 1980 506 2015 Seal.
535 1979 675 2024 species
697 1983 720 2013 0
817 1986 877 2013 824
908 1982 991 2013 rata
1010 1978 1090 2012 ML²
1120 1989 1203 2012 rara
1222 1977 1296 2011 L¹G
1351 1978 1540 2011 scrutatur

188 2028 274 2074 Ray.
303 2029 513 2061 scrutantur
534 2030 557 2060 0
679 2034 736 2060 826
763 2026 912 2070 aequali
932 2027 1052 2061 Bentl.
1080 2027 1192 2069 atque
1219 2024 1320 2058 illio
1394 2023 1538 2069 pollens

188 2075 281 2110 Scal.
308 2074 443 2110 tollens
465 2078 489 2108 0
611 2081 668 2107 828
695 2075 792 2109 unde
813 2075 906 2109 Scal.
934 2084 1008 2107 una
1029 2076 1052 2106 0
1108 2072 1205 2107 redit
1227 2073 1313 2118 Req.
1342 2072 1447 2106 dedit
1467 2075 1491 2105 0

189 2122 361 2157 discribit
381 2123 488 2157 Beeh.
517 2121 701 2155 describet
722 2126 745 2155 0
796 2121 922 2166 horas]
950 2131 1032 2154 aras
1054 2124 1081 2153 G
1189 2126 1248 2152 830
1274 2120 1355 2165 nec]
1383 2119 1475 2154 haec
1495 2118 1540 2152 G¹

237 2171 427 2205 externum
448 2173 483 2202 M
508 2173 712 2203 extremum
731 2173 789 2202 LG
855 2169 943 2213 quia
963 2167 1042 2201 ΜΠ
1068 2177 1142 2211 qua
1161 2167 1235 2200 L¹G
1302 2166 1451 2201 nomine
1470 2169 1540 2199 M⁰¹¹

190 2217 340 2252 numine
359 2216 468 2250 ML²G
492 2216 643 2250 minime
664 2217 707 2248 L1
810 2223 865 2250 831
891 2215 952 2249 hic
978 2216 1080 2249 tenet
1100 2216 1192 2249 Scal.
1220 2214 1318 2248 huuc
1343 2215 1448 2248 tenet
1467 2217 1491 2247 0

188 2272 247 2298 839
273 2264 447 2310 coniugia
467 2266 579 2307 atque
594 2265 713 2298 Bentl.
741 2263 1004 2308 coniugiatque
1024 2264 1136 2305 atque
1150 2265 1184 2295 M
1210 2261 1484 2306 coniugeatque
1497 2261 1541 2294 11¹

189 2312 455 2357 coniungitque
473 2312 518 2344 L·
521 2315 548 2345 G
644 2318 703 2343 840
729 2321 870 2355 oxaque
890 2313 925 2344 M
965 2315 1047 2354 post
1065 2310 1098 2343 h.
1122 2322 1148 2344 r.
1159 2309 1326 2344 ‚divisio
1347 2308 1481 2342 aetatis
1501 2307 1540 2342 in

189 2361 315 2404 partes
343 2358 437 2394 caeli
458 2362 524 2392 MG
549 2360 601 2402 (ln
629 2370 673 2393 m
695 2360 733 2401 L)
