1627 2517
598 102 869 137 PRAEFATIO
1330 101 1414 136 XIX

123 216 232 254 Haec
270 218 362 253 sunt
399 215 634 253 imitationis
674 214 873 263 exempla,
918 226 1020 263 quae
1057 213 1248 263 indagare
1286 212 1412 262 potui.

65 276 250 313 Fortasse
282 275 399 312 initio
432 274 577 313 saeculi
603 275 734 323 quinti
758 274 1028 311 Martianus
1056 272 1255 322 Capella
1272 267 1304 324 1)
1332 272 1414 309 Ma-

66 334 209 372 nilium
227 334 337 384 legit,
356 346 450 372 nam
469 333 605 371 scribit
624 333 723 371 VIII
739 335 822 371 812
845 328 900 385 (p.
918 333 997 371 301
1024 332 1082 369 ed.
1104 325 1413 383 Eyssenhardt):

67 391 181 432 ‘haec
206 394 310 430 enim
335 392 577 431 verecundae
610 393 782 430 arbitror
806 392 1018 441 probitatis
1044 393 1175 429 motus
1201 403 1414 439 cursusque

66 452 248 502 proprios
272 452 370 501 ipsis
396 451 606 491 edisserere
632 453 701 501 qui
726 453 935 490 moventur
960 451 1175 500 docereque
1201 451 1293 488 deos
1314 450 1415 488 velle

68 511 174 561 quod
210 508 392 560 faciunt',
426 524 526 561 quae
559 511 680 550 verba
711 511 896 549 videntur
926 511 1120 560 respicere
1152 510 1202 547 ad
1233 510 1337 547 Man.
1358 509 1414 546 IV

68 572 153 610 915
166 583 267 621 sqq:

215 655 336 702 atque
362 653 459 692 adeo
485 653 628 691 faciem
655 653 752 692 caeli
778 665 857 690 non
881 653 1034 690 invidet
1059 652 1144 690 orbi

210 714 295 762 ipse
320 712 415 750 deus
441 713 651 762 vultusque
677 725 767 750 suos
793 724 1010 762 corpusque
1036 711 1206 750 recludit

213 784 366 822 semper
390 771 585 810 volvendo
612 784 729 821 seque
755 765 885 821 ipsum
910 772 1083 809 inculcat
1109 774 1148 809 et
1174 771 1299 818 offert,

212 834 258 869 ut
282 831 379 869 bene
406 832 591 881 cognosci
614 833 741 880 possit
766 831 982 880 doceatque
1009 831 1192 879 videntis,

213 891 342 940 qualis
369 893 445 939 eat,
471 893 666 941 cogatque
692 903 781 929 suas
809 891 1011 928 attendere
1037 891 1157 941 leges,

69 996 139 1034 sed
163 999 255 1046 post
279 1010 368 1035 eum
392 1009 593 1047 nusquam
617 998 767 1035 mentio
798 997 845 1035 fit
869 1010 994 1047 neque
1014 997 1170 1035 Manilii
1190 1010 1315 1046 neque
1337 997 1419 1034 eius

71 1057 214 1105 operis.
258 1056 394 1094 Etiam
430 1057 558 1094 medio
597 1069 692 1095 aevo
731 1059 850 1106 poeta
885 1056 1054 1100 latebat,
1092 1070 1184 1093 nam
1222 1056 1344 1094 verba
1379 1057 1422 1093 in

70 1115 255 1164 epistula,
282 1128 402 1164 quam
429 1115 641 1154 Gerbertus
668 1111 826 1167 (postea
851 1117 1030 1165 pontifex
1056 1117 1249 1153 maximus
1275 1115 1421 1153 electus

74 1175 233 1212 nomine
260 1176 420 1223 accepto
448 1173 644 1223 Sylvestri
663 1172 722 1225 H)
750 1187 851 1213 anno
875 1176 957 1213 988
987 1175 1036 1212 ad
1062 1174 1313 1212 Rainandum
1339 1174 1421 1212 Mo-

73 1233 240 1271 nachum
279 1234 438 1282 scripsit
452 1228 503 1286 2):
549 1231 637 1284 ‘age
677 1247 768 1284 ergo
808 1237 847 1272 et
884 1237 922 1272 te
961 1235 1044 1273 solo
1077 1234 1232 1272 conscio
1264 1246 1310 1271 ex
1342 1233 1421 1271 tuis

72 1292 298 1341 sumptibus
329 1293 392 1330 fac
418 1295 465 1331 ut
489 1293 588 1330 mihi
608 1293 833 1331 scribantur
851 1294 902 1332 M.
922 1293 1096 1331 Manlius
1123 1294 1168 1330 de
1191 1290 1421 1343 astrologia’

71 1354 157 1400 cet,
182 1364 261 1390 non
284 1352 492 1390 referenda
517 1355 610 1391 sunt
636 1353 686 1390 ad
711 1353 827 1391 huius
853 1353 1011 1391 Manilii
1035 1353 1327 1399 Astronomica⁷
1355 1352 1422 1390 sed

72 1411 124 1449 ad
149 1414 237 1449 octo
262 1411 477 1460 volumina,
504 1425 606 1460 quae
631 1412 796 1450 Anicius
821 1413 993 1451 Manlius
1020 1413 1246 1461 Torquatus
1273 1411 1423 1449 Severi-

74 1482 148 1508 nus
173 1470 363 1509 Boethius
390 1467 457 1522 (cf.
484 1484 520 1520 p.
541 1466 615 1524 IX)
652 1471 698 1509 de
735 1472 951 1523 astrologia
986 1473 1162 1521 scripsit,
1196 1474 1242 1509 ut
1275 1471 1424 1521 perspi-

74 1542 191 1567 cuum
217 1532 277 1567 est
301 1543 347 1567 ex
373 1530 454 1568 alia
481 1529 661 1568 Gerberti
689 1532 738 1569 ad
765 1531 1025 1570 Adalbertum
1053 1531 1224 1580 epistula
1251 1526 1330 1583 (8),
1356 1530 1425 1568 ubi

75 1588 169 1627 haec
203 1588 340 1627 eadem
372 1590 576 1627 volumina
609 1593 975 1629 commemorantur.
1026 1590 1180 1628 Littera
1213 1593 1349 1628 autem
1374 1590 1425 1626 M.

73 1649 165 1686 ante
189 1661 332 1686 nomen
352 1645 554 1687 ‘Manlius'
581 1650 624 1687 in
648 1651 780 1699 priore
807 1650 978 1699 epistula
1005 1662 1024 1687 e
1044 1650 1318 1700 dittographia
1338 1651 1426 1687 orta

75 1719 160 1745 esse
184 1702 390 1759 videtur.3)

135 1765 292 1804 Primus
312 1767 463 1817 Poggio
485 1768 618 1806 codice
631 1769 789 1806 Manilii
807 1770 969 1807 invento
991 1766 1112 1821 (anno
1137 1763 1270 1820 1417)
1290 1779 1427 1805 rursus

76 1825 281 1863 hominum
305 1826 572 1864 litteratorum
593 1827 744 1866 animos
765 1828 815 1865 ad
834 1831 995 1876 poetam
1014 1828 1055 1864 in
1076 1828 1276 1865 oblivione
1296 1827 1428 1864 iacen-

75 1886 159 1922 tem
184 1885 380 1923 convertit
405 1881 472 1937 (cf.
498 1900 536 1936 p.
556 1883 636 1938 III)
668 1887 898 1936 primusque
925 1887 1119 1925 Iohannes
1146 1887 1426 1936 Regiomonta-

76 1955 150 1981 nus
173 1945 282 1993 typis
307 1944 564 1983 describenda
589 1945 866 1984 Astronomica
893 1946 1047 1984 curavit
1075 1941 1141 1993 (cf.
1170 1960 1209 1993 p.
1231 1941 1332 1993 XX).

139 2035 172 2076 1)
198 2033 358 2078 Woltjer
383 2034 406 2069 1.
426 2034 450 2069 l.
478 2047 512 2079 p.
539 2039 590 2068 16.

141 2082 175 2123 2)
201 2080 311 2125 Epist
350 2085 417 2115 130
453 2082 491 2116 in
525 2093 635 2127 opere
670 2083 770 2127 quod
802 2083 1032 2117 inscribitur:
1073 2083 1122 2117 du
1157 2082 1298 2117 Chesne
1331 2081 1427 2116 Hist.

77 2126 302 2162 Francorum
326 2128 398 2164 vol.
419 2130 452 2163 II
477 2141 513 2174 p.
535 2133 620 2173 8193
647 2130 771 2164 Havet
795 2142 830 2174 p.
854 2134 939 2174 117;
966 2130 1126 2175 Woltjer
1152 2129 1176 2164 l.
1198 2129 1221 2164 l.
1248 2141 1283 2174 p.
1308 2134 1362 2163 14.

138 2176 173 2220 3)
201 2174 355 2219 Garrod,
383 2175 496 2212 Class.
526 2177 632 2219 Quat.
654 2181 674 2211 3
699 2180 833 2222 (1909),
860 2189 895 2222 p.
920 2181 975 2213 56.
