1627 2517
119 248 172 273 430

119 543 171 568 435

118 840 171 864 440

117 1135 168 1161 445

116 1432 168 1457 450

197 62 280 104 156
589 61 775 96 MANILII
802 59 1147 96 ASTRONOMICA
1410 59 1488 95 Lib.
1508 58 1541 93 V

193 177 269 213 aut
293 171 475 213 immota
500 171 644 212 ferens
668 170 716 212 in
742 177 889 224 tergus
915 170 1107 211 membra
1135 169 1335 224 latusque

193 246 278 272 non
298 230 498 272 onerabit
520 245 653 285 aquas
675 230 940 284 summisque
963 229 1183 271 accumbet
1205 229 1251 269 in
1276 227 1404 270 undis

192 289 483 344 pendebitque
504 304 654 344 super;
684 295 829 331 tutum
850 289 942 330 sine
963 288 1126 342 remige
1147 294 1295 329 votum
1319 293 1397 329 est.

193 348 284 390 illis
307 348 354 389 in
379 355 511 403 ponto
535 348 773 390 iucundum
799 354 862 389 est
886 362 1088 402 quaerere
1115 353 1310 402 pontum,

192 422 369 462 corpora
397 407 473 462 qui
501 414 705 461 mergunt
733 407 860 449 undis
888 407 1117 462 ipsumque
1145 406 1223 447 sub
1253 405 1393 447 antris

193 467 334 508 Nerea
357 473 401 508 et
426 481 656 521 aequoreas
681 473 891 508 conantur
916 466 1052 507 visere
1078 465 1309 520 Nymphas

192 532 506 581 exportantque
529 526 662 566 maris
684 526 864 580 praedas
887 532 928 566 et
950 531 1075 580 rapta
1097 524 1315 579 profundo

191 584 428 639 naufragia
459 592 588 640 atque
619 584 729 626 imas
760 584 878 625 avidi
911 590 1156 625 scrutantur
1189 583 1383 625 harenas.

191 659 269 699 par
293 659 344 685 ex
367 644 537 685 diverso
562 643 777 685 studium:
809 643 997 685 sociatur
1021 649 1251 697 utrumque

191 703 238 744 in
263 717 398 757 genus
422 710 551 757 atque
576 718 661 744 uno
685 702 905 757 digestum
930 701 1091 743 semine
1117 701 1271 755 surgit.

191 762 445 804 adnumeres
468 762 603 803 etiam
629 762 708 803 illa
732 761 834 803 licet
859 767 1043 815 cognata
1069 775 1144 816 per
1171 767 1308 802 artem

190 836 380 876 corpora,
404 836 512 876 quae
533 821 678 862 valido
699 820 863 862 saliunt
883 835 1059 862 excussa
1080 826 1258 874 petauro

190 880 461 935 alternosque
484 880 598 921 cient
621 887 786 930 motus;
817 879 956 921 elatus
978 885 1019 920 et
1041 878 1116 920 ille

190 954 303 981 nunc
331 940 443 981 iacet
471 946 600 994 atque
630 938 758 980 huius
787 954 886 980 casu
915 938 1192 993 suspenditur
1222 937 1320 986 ille;

190 999 433 1040 membrave
460 1014 535 1053 per
561 999 767 1039 flammas
794 998 1000 1052 orbesque
1027 997 1182 1038 emissa
1209 995 1448 1051 flagrantis

190 1058 381 1100 molliter
400 1066 447 1100 ut
466 1057 650 1112 liquidis
668 1073 743 1112 per
763 1057 942 1098 humum
962 1063 1182 1111 ponuntur
1203 1056 1250 1097 in
1270 1056 1397 1097 undis

190 1117 531 1172 delphinumque
554 1132 628 1158 suo
651 1132 726 1172 per
747 1116 875 1158 inane
897 1116 1120 1157 imitantia
1142 1122 1262 1157 motu

190 1183 231 1218 et
256 1176 435 1218 viduata
462 1176 608 1218 volant
634 1175 783 1231 pinnis
809 1182 851 1217 et
876 1175 923 1216 in
951 1182 1046 1217 aere
1070 1175 1243 1216 ludunt.

189 1242 234 1277 at
254 1235 292 1277 si
312 1236 525 1277 deficient
546 1242 672 1285 artes,
695 1234 935 1276 remanebit
957 1234 1003 1275 in
1027 1233 1118 1275 illis

189 1295 392 1336 materies
422 1301 566 1336 tamen
597 1301 722 1349 apta;
760 1293 884 1335 dabit
915 1299 1072 1335 natura
1101 1293 1295 1347 vigorem

189 1360 318 1409 atque
343 1354 503 1395 alacres
528 1368 676 1395 cursus
701 1368 937 1407 campoque
962 1351 1155 1393 volantia
1180 1351 1384 1393 membra.

246 1413 321 1454 sed
346 1412 522 1466 regione
548 1427 694 1453 means
720 1411 916 1466 Cepheus
942 1411 1130 1452 umentis
1154 1410 1326 1465 Aquari

188 1487 274 1513 non
300 1471 426 1513 dabit
453 1471 500 1512 in
529 1471 671 1513 lusum
700 1485 861 1520 mores;
897 1471 1008 1511 facit
1039 1484 1112 1511 ora
1140 1484 1297 1519 severa,

248 1548 308 1575 436
340 1541 476 1576 Lucan.
499 1541 546 1574 ΙΙΙ
575 1544 658 1574 698:
695 1540 943 1583 ‘scrutarique
969 1539 1120 1573 fretum’
1244 1545 1304 1572 440
1330 1538 1438 1573 Firm.
1454 1538 1538 1572 VIII

192 1594 246 1631 15,
262 1593 301 1623 2:
339 1588 654 1633 ‘petauristarios’
791 1595 849 1621 449
875 1587 983 1621 ibid.:
1020 1587 1100 1621 ‘aut
1126 1587 1224 1621 certe
1250 1588 1383 1620 nautas
1409 1597 1536 1621 cursus

190 1636 363 1681 agilitate
395 1636 626 1681 perspicuos'
773 1641 928 1668 450—459
964 1634 1073 1668 Firm.
1091 1634 1173 1668 vm
1201 1637 1290 1676 15‚4
1321 1633 1535 1678 (Cepheus):

191 1685 314 1719 ‘erunt
338 1695 468 1729 graves
495 1683 634 1718 austeri
655 1711 661 1717 .
679 1709 686 1716 .
703 1710 710 1717 .
726 1711 734 1717 .
754 1683 897 1716 vultum
924 1693 1069 1726 semper
1094 1692 1138 1716 ex
1157 1692 1301 1715 morum
1319 1680 1538 1726 integritate

189 1732 370 1777 fingentes
503 1731 599 1765 tales
625 1731 776 1764 fuerunt
801 1730 901 1774 apud
928 1734 1069 1764 veteres
1097 1729 1282 1765 Catones’.
1333 1733 1352 1770 ξ
1373 1733 1410 1763 5:
1440 1729 1537 1762 ‘arte

187 1779 332 1824 tragica,
358 1778 523 1813 carmina
549 1780 614 1812 aut
640 1778 770 1823 legunt
795 1788 940 1822 semper
965 1779 1030 1811 aut
1055 1777 1211 1811 faciunt'

247 1845 302 1872 431
328 1841 452 1872 tutum
474 1842 500 1871 G
525 1840 645 1872 totum
666 1841 727 1871 ML
795 1837 936 1882 votum]
964 1836 1086 1870 velum
1107 1837 1225 1871 Bentl.
1324 1842 1383 1869 482
1409 1835 1536 1870 iocun-

188 1885 276 1919 dum
295 1886 371 1919 L¹G
467 1892 526 1918 433
552 1895 779 1929 corporaque
804 1884 1032 1929 immergunt
1051 1884 1171 1918 Bentl.
1269 1889 1325 1916 437
1354 1893 1421 1927 par
1440 1882 1534 1917 Scal.

187 1944 272 1977 pars
294 1936 318 1966 0
369 1933 533 1967 studium
554 1936 589 1965 M
614 1932 760 1967 studuit
777 1933 822 1966 1.¹
848 1931 973 1966 studet
999 1934 1036 1966 et
1053 1930 1128 1964 L²G
1224 1936 1282 1964 488
1307 1931 1345 1964 in
1371 1940 1486 1974 genus
1507 1933 1536 1963 G

188 1980 347 2025 ingemis
367 1983 402 2013 M
428 1980 638 2024 ingeminus
657 1981 702 2013 L¹
727 1979 887 2024 ingeniis
907 1978 952 2012 L²
1072 1978 1197 2023 atque]
1225 1988 1321 2021 aque
1341 1977 1461 2012 Bentl.

188 2034 247 2062 489
273 2028 494 2062 adnumeres·
516 2028 622 2062 Rein.
650 2027 697 2061 ad
718 2038 888 2061 numeros
910 2030 934 2060 0
984 2026 1051 2060 illa
1071 2029 1098 2059 G
1122 2025 1200 2059 ulla
1218 2028 1279 2059 ML
1377 2031 1433 2058 441
1459 2023 1535 2058 ela-

187 2078 247 2109 trus
267 2076 361 2111 Scal.
390 2074 535 2109 delatus
557 2077 580 2108 0
697 2081 753 2107 442
778 2085 876 2108 nunc
896 2077 922 2107 L
947 2073 1046 2107 hunc
1066 2076 1100 2106 M
1126 2072 1198 2106 huc
1217 2076 1245 2105 G
1358 2079 1417 2106 444
1441 2071 1535 2105 mol-

187 2123 286 2167 liter]
312 2122 458 2157 tollitur
476 2126 501 2156 L
623 2128 680 2154 445
710 2121 1008 2165 Delphinumque
1029 2124 1056 2154 G
1082 2119 1330 2163 delfinamque
1350 2123 1410 2153 m.
1467 2129 1533 2153 suo

188 2198 195 2205 .
213 2199 218 2204 .
235 2196 242 2203 .
270 2170 460 2204 imitantia
483 2171 585 2203 motu
605 2169 699 2203 Seal.
727 2180 811 2203 suos
833 2197 839 2203 .
857 2197 862 2203 .
879 2196 887 2203 .
907 2167 1078 2202 natantia
1104 2169 1273 2211 (natanta
1293 2169 1340 2211 M)
1366 2167 1487 2201 motus
1509 2169 1533 2199 0

187 2225 246 2251 446
271 2218 396 2262 pinnis
416 2218 459 2251 Ι.1
484 2216 594 2261 pinus
614 2220 648 2249 M
674 2217 805 2260 pennis
824 2216 900 2250 L²G
958 2215 995 2249 in
1017 2227 1083 2250 om.
1106 2219 1130 2248 1.
1251 2221 1310 2248 448
1335 2217 1424 2258 apta
1443 2214 1532 2259 Req.

187 2267 273 2300 acta
293 2268 317 2298 0
456 2271 515 2298 449
540 2263 705 2298 volantia
725 2264 819 2299 Bon.
847 2262 1016 2298 vocantia.
1037 2265 1060 2296 0
1205 2269 1260 2296 451
1286 2261 1439 2296 illusum
1459 2264 1487 2294 G

187 2323 313 2348 severa
332 2312 426 2348 Seal.
452 2322 618 2346 severare
637 2314 672 2344 M
697 2321 844 2345 severae
863 2314 920 2344 LG
