1627 2517
52 59 84 83 v.
107 50 294 82 382—428
450 46 639 82 MANILH
663 45 1005 80 ASTRONOMICA
1036 41 1040 44 ⁴
1318 44 1401 85 155

57 156 131 198 vix
157 156 388 212 quisquam
413 162 476 197 est
500 155 702 210 locuples.
736 161 940 196 oneratur
965 160 1078 195 terra
1107 153 1336 208 profundo.

57 215 139 257 tali
163 221 275 257 sorte
300 231 396 257 suas
421 221 532 257 artes
557 230 632 269 per
655 214 787 255 litora
815 219 972 254 tractat

56 280 133 316 aut
160 274 267 316 emit
294 280 491 316 externos
517 273 659 328 pretio
687 279 914 327 mutatque
943 272 1107 313 labores

57 333 234 375 institor
257 348 489 388 aequoreae
512 332 632 374 varia
655 332 732 374 sub
755 332 948 385 imagine
971 331 1136 375 mercis..

56 407 239 448 cumque
263 392 392 434 Fidis
415 407 574 446 magno
599 392 831 433 succedunt
856 391 994 432 sidera
1021 391 1194 439 mundo,

57 451 276 507 quaesitor
295 451 500 493 scelerum
519 450 660 492 veniet
680 450 923 505 vindexque
943 465 1125 499 reorum,

57 511 134 566 qui
160 510 386 552 commissa
412 510 500 552 suis
525 509 757 551 rimabitur
783 509 1053 563 argumentis

57 570 105 611 in
131 570 354 624 lucemque
382 570 524 611 trahet
550 569 685 610 tacita
711 568 936 610 latitantia
963 568 1132 609 fraude.

57 628 158 670 hinc
179 628 312 670 etiam
333 628 519 670 immitis
541 635 677 670 tortor
699 643 944 682 poenaeque
966 627 1179 675 minister,

55 694 100 730 et
126 688 325 743 quisquis
351 703 501 729 vereve
526 688 647 729 favet
674 687 897 742 culpamve
924 686 1108 741 peredit,

57 747 272 802 proditur,
299 753 427 802 atque
453 747 541 788 alto
567 746 642 802 qui
668 746 814 800 iurgia
839 752 1007 801 pectore
1036 746 1174 786 tollat.

56 807 275 848 caeruleus
301 813 433 861 ponto
459 822 556 848 cum
583 822 624 847 se
652 806 900 860 Delphinus
925 805 972 846 in
1001 812 1113 846 astra

58 865 193 919 erigit
219 872 260 907 et
287 881 510 920 squamam
537 865 675 906 stellis
701 865 980 906 imitantibus
1007 863 1111 913 exit,

57 924 290 979 ambiguus
318 932 455 966 terrae
483 931 634 979 partus
660 924 900 979 pelagoque
928 931 1108 965 creatur.

57 998 158 1025 nam
179 984 297 1026 velut
318 983 410 1038 ipse
431 983 530 1025 citis
551 983 792 1038 perlabitur
813 998 998 1037 aequora
1022 983 1182 1037 pinnis,

56 1058 170 1085 nunc
195 1058 412 1084 summum
437 1042 634 1084 scindens
659 1043 838 1097 pelagus
863 1057 974 1083 nunc
1000 1043 1085 1083 alta
1115 1041 1338 1096 profundi,

58 1108 101 1144 et
127 1101 296 1143 sinibus
323 1101 435 1143 vires
462 1101 595 1143 sumit
621 1102 894 1155 fluctumque
924 1101 1108 1155 figurat,

57 1161 132 1212 sic,
158 1161 278 1203 venit
303 1176 354 1202 ex
378 1161 456 1202 illo
481 1161 692 1215 quisquis,
719 1160 919 1202 volitabit
948 1159 994 1201 in
1020 1160 1168 1201 undis:

57 1234 171 1262 nunc
191 1220 356 1262 alterna
376 1220 552 1261 fer'ens
541 1235 587 1260 11]
607 1220 745 1261 lentos
766 1219 964 1261 bracchia
987 1226 1127 1260 tactus

59 1279 235 1334 explosa
261 1279 480 1320 resonabit
508 1294 633 1333 aqua,
663 1293 775 1320 nunc
803 1293 985 1333 aequoie
1013 1293 1170 1319 mersas

57 1338 234 1380 diducet
253 1338 419 1393 palmas
439 1338 632 1380 furtivus
653 1353 794 1379 remus
814 1353 861 1379 in
881 1338 988 1392 ipso,

58 1412 171 1439 nunc
194 1397 241 1439 in
264 1413 397 1452 aquas
419 1403 559 1439 rectus
582 1396 725 1438 veniet
748 1412 1006 1452 passumque
1032 1396 1202 1438 notabit

57 1462 99 1498 et
125 1456 235 1498 vada
261 1457 469 1498 mentitus
495 1456 645 1498 redd-et
664 1472 792 1511 super
818 1471 1000 1511 aequore
1031 1459 1255 1510 campum;

116 1533 261 1570 418sqq.
289 1526 397 1560 Fir-m.
414 1526 496 1559 VIlI
518 1529 572 1567 15,
588 1530 607 1559 2
629 1525 837 1570 (Delfinus):
869 1525 1041 1559 ‘habebit
1061 1525 1217 1559 natandi
1239 1524 1405 1559 studium

59 1600 162 1609 .....
190 1574 357 1608 urinator
382 1573 466 1607 erit’

117 1640 176 1667 406
202 1633 399 1677 quisquam
419 1636 480 1666 ML
507 1644 682 1676 umquam
704 1637 731 1666 G
899 1639 955 1665 407
983 1635 1081 1665 sorte
1102 1632 1189 1677 Rey.
1217 1631 1312 1665 forte
1334 1635 1358 1664 0

56 1687 116 1715 408
141 1681 344 1724 mittatque
361 1681 406 1714 1.¹
526 1687 585 1714 409
610 1680 760 1714 instit-or
779 1679 861 1713 MG²
886 1679 1018 1713 insitor
1037 1679 1110 1712 LC¹
1180 1678 1260 1724 sub]
1288 1678 1360 1713 sibi
1380 1682 1405 1712 L

56 1734 114 1762 410
141 1728 260 1762 sidere
279 1728 324 1761 1.¹
443 1734 500 1761 413
525 1727 719 1762 latitantia
739 1728 833 1762 Seal.
866 1726 1024 1761 latentia
1046 1730 1069 1760 0
1192 1733 1247 1760 415
1274 1736 1406 1760 verove

57 1775 159 1810 favet
177 1776 291 1811 Jacob
322 1785 405 1809 vero
432 1775 533 1809 favet
551 1775 632 1808 MLl
662 1786 747 1809 vero
772 1775 866 1809 favit
884 1774 958 1808 L²G
1129 1780 1184 1807 416
1209 1775 1359 1817 pectore
1380 1778 1407 1808 G

57 1824 208 1867 pectora
227 1826 288 1856 ML
385 1829 441 1856 418
467 1822 555 1868 exit]
584 1824 640 1856 est
666 1822 718 1856 sic
737 1825 772 1855 M
869 1829 924 1855 419
958 1823 1103 1856 creatur
1122 1825 1157 1856 M
1184 1823 1330 1856 creatus
1351 1825 1407 1855 Le

106 1877 163 1904 420
189 1870 300 1906 velud
319 1874 344 1904 L
400 1870 525 1914 pinnis
545 1873 581 1903 M
605 1869 737 1914 pennis
756 1873 812 1902 LG
933 1876 987 1902 422
1013 1869 1155 1903 sinibus
1178 1870 1284 1904 Rein.
1312 1869 1407 1903 seni-

57 1917 127 1951 bus
147 1921 172 1952 0
264 1917 378 1953 sumit
398 1922 425 1951 G
451 1918 571 1953 sumet
591 1921 653 1951 ML
743 1917 968 1961 fluctumque
989 1920 1024 1950 M
1049 1917 1285 1960 fructumque
1305 1920 1361 1950 LG

57 1971 114 1998 424
140 1976 238 2000 nunc
257 1969 283 1999 F
309 1965 396 1999 huic
416 1969 451 1998 M
475 1965 562 1998 hinc
581 1969 636 1999 LG
684 1966 825 1998 tractus
846 1964 939 1999 Seal.
1037 1971 1093 1998 425
1120 1964 1273 2008 explosa
1293 1964 1407 1999 Jacob

58 2014 97 2046 et
121 2012 255 2057 plausa
275 2016 299 2046 Ο
360 2013 561 2047 resonabat
581 2016 608 2046 G
657 2022 796 2046 mersas
816 2015 881 2046 MG
905 2023 1046 2046 mersus
1066 2016 1091 2044 L
1135 2015 1220 2056 post
1244 2012 1277 2045 h.
1299 2023 1328 2046 v.
1356 2022 1406 2045 se-

59 2061 202 2104 quitur:
239 2062 276 2094 et
308 2060 457 2095 senibus
489 2060 568 2095 iure
600 2060 748 2094 sonabit
781 2070 878 2103 aqua.
903 2070 1001 2094 nunc
1027 2069 1189 2102 aequore
1214 2069 1352 2092 mersas
1373 2061 1408 2091 M

58 2107 118 2151 (cf.
144 2118 175 2142 v
196 2109 241 2142 4
225 2109 293 2152 9,2)
318 2108 441 2142 eadem
464 2109 572 2143 verba
598 2109 638 2141 in
656 2111 694 2149 L,
719 2108 781 2142 sed
807 2107 922 2142 deleta
1030 2114 1086 2140 426
1114 2106 1265 2140 diducet
1285 2106 1406 2140 Bentl.

59 2154 201 2189 dicutet
219 2158 254 2188 M
280 2155 439 2189 deducet
458 2159 513 2189 LG
574 2135 730 2189 furtiv’us
751 2155 872 2189 Bentz.
900 2154 1036 2188 furtivo
1058 2158 1081 2188 0
1138 2164 1260 2187 remus
1282 2152 1326 2186 G²
1352 2164 1405 2187 re-

59 2213 128 2236 nus
148 2205 183 2235 M
208 2202 318 2237 remis
337 2202 411 2236 LG¹
554 2209 610 2236 427
637 2213 863 2246 passumque
884 2205 907 2235 0
934 2201 1147 2246 passimque
1167 2204 1193 2234 F
1219 2211 1406 2245 passuque

60 2249 181 2284 Bentl.
231 2249 379 2284 notabit
398 2253 453 2283 LG
477 2249 621 2284 notavit
640 2253 675 2283 M
700 2249 846 2284 natabit
866 2250 953 2295 Rey.
1099 2255 1156 2283 428
1181 2248 1313 2282 reddet
1332 2247 1407 2282 L²G

58 2296 185 2331 reddit
202 2297 283 2331 L¹M
357 2307 515 2342 aequore
536 2301 570 2330 M
596 2307 758 2340 aequora
777 2301 833 2331 LG

1422 407 1475 431 410

1424 702 1475 727 415

1424 999 1475 1023 420

1425 1295 1477 1321 425
