1627 2517
87 95 120 118 v,
142 87 207 118 601
215 86 328 117 -660
484 81 671 116 MANILII
700 79 1041 114 ASTRONOMICA
1382 77 1437 118 59

93 206 228 233 unum
259 196 407 245 pectus
437 189 597 231 habent
626 187 826 242 fideique
857 187 1082 229 immobile
1111 186 1317 235 vinclum,
1460 202 1512 227 630

97 252 295 303 [magnus
324 249 407 291 erit
434 247 636 290 Geminis
664 262 783 288 amor
810 253 853 288 et
881 245 1108 288 concordia
1137 245 1314 300 duplex]

93 324 278 363 magnus
307 315 348 350 et
377 308 423 349 in
452 307 612 349 multos
641 306 786 348 veniet
814 320 1029 347 successus
1058 305 1231 347 amicos.

95 368 301 422 Scorpius
325 373 368 409 et
391 367 555 409 Cancer
578 366 775 408 fraterna
800 364 847 406 in
872 365 1049 406 nomina
1072 365 1238 406 ducunt

94 442 146 469 ex
175 433 309 468 semet
337 425 531 481 genitos;
568 440 644 467 nec
674 440 759 466 non
788 431 829 466 et
860 424 1060 466 Piscibus
1089 423 1174 465 orti

93 486 354 528 concordant
384 484 490 526 illis.
532 500 657 539 saepe
687 490 753 526 est
786 491 827 525 et
858 483 1063 525 subdolus
1096 490 1229 525 actus.
1461 498 1513 522 635

95 545 302 600 Scorpius
328 544 522 600 aspergit
547 559 682 586 noxas
708 543 786 585 sub
814 543 989 585 nomine
1015 542 1169 592 amici;

93 611 139 646 at
165 604 323 659 quibus
348 603 397 645 in
422 604 562 646 lucem
590 603 737 645 Pisces
761 598 1036 644 venientibus
1063 602 1235 651 adsunt,

95 663 163 705 his
193 678 279 705 non
311 678 397 705 una
428 668 574 704 manet
607 677 774 717 semper
805 661 1020 704 sententia
1053 660 1195 711 cordi;

94 728 364 764 commutant
387 722 555 764 animos
578 721 799 763 interdum
824 727 866 763 et
889 721 1066 763 foedera
1089 725 1300 775 rumpunt

96 797 144 824 ac
175 788 391 837 repetunt,
424 787 648 836 tectaeque
679 780 770 823 lues
803 779 881 822 sub
911 781 1058 822 fronte
1090 785 1320 833 vagantur.
1465 794 1519 818 640

94 841 156 882 sic
182 840 264 883 erit
289 856 341 883 ex
367 839 508 895 signis
534 840 683 882 odium
708 839 792 882 tibi
818 854 989 895 paxque
1014 839 1230 889 notanda;

96 900 144 942 in
173 899 299 942 terris
330 898 472 954 geniti
502 899 583 941 tali
613 899 692 941 sub
721 899 816 953 lege
846 905 1061 941 creantur.

155 974 230 1001 nec
261 959 368 1001 satis
399 959 476 1001 hoc
507 965 694 1008 tantum,
729 958 831 1000 solis
861 957 1063 1000 insistere
1095 957 1257 1012 signis;

99 1018 404 1073 [contemplare
428 1018 571 1060 locum
595 1017 703 1060 caeli
729 1018 957 1072 sedemque
982 1032 1193 1071 vagarum
1209 1018 1240 1069 3]

96 1084 219 1132 parte
248 1092 384 1131 genus
413 1077 600 1127 variant,
632 1083 674 1118 et
703 1076 816 1118 vires
844 1076 961 1118 linea
992 1081 1148 1118 mutat.
1464 1089 1516 1114 645

96 1152 197 1178 nam
225 1152 300 1178 sua
328 1136 555 1192 quadratis
582 1135 778 1185 veniunt,
809 1151 885 1177 sua
911 1135 1008 1177 iura
1035 1134 1236 1189 trigonis,

99 1202 140 1238 et
171 1211 279 1251 quae
310 1210 386 1250 per
416 1210 538 1237 senos
568 1195 762 1237 decurrit
792 1194 966 1249 virgula
998 1200 1176 1244 tractus,

98 1270 293 1310 quaeque
324 1261 437 1297 secat
469 1254 663 1296 medium
694 1260 936 1296 transverso
968 1253 1112 1295 limite
1140 1253 1322 1295 caelum.

98 1314 199 1356 hinc
226 1314 352 1356 modo
380 1314 455 1356 dat
482 1314 670 1356 mundus
697 1312 823 1363 vires,
853 1314 978 1354 modo
1006 1313 1165 1354 deterit
1191 1312 1321 1362 idem,

97 1388 292 1429 quaeque
319 1372 414 1415 illic
441 1379 619 1415 sumunt
645 1372 747 1423 iras,
778 1373 858 1414 huc
886 1378 981 1414 acta
1008 1378 1238 1427 reponunt.
1466 1386 1518 1410 650

100 1433 252 1485 [distat
274 1431 391 1474 enim
414 1438 620 1486 surgatne
642 1432 793 1474 eadem
817 1432 1025 1474 subeatne
1046 1432 1241 1484 cadatne]

99 1492 290 1534 crebrius
313 1491 505 1534 adversis
529 1491 678 1533 odium
702 1498 778 1533 est.
813 1497 998 1545 cognata
1022 1490 1247 1546 quadratis

100 1566 277 1606 corpora
305 1557 533 1593 censentur
563 1549 704 1605 signis
735 1557 777 1592 et
808 1550 947 1592 amica
977 1549 1177 1604 trigonis.

99 1625 174 1652 nec
197 1610 310 1652 ratio
332 1610 511 1652 obscura
534 1616 621 1660 est;
652 1625 753 1651 nam
776 1615 981 1665 quartum
1006 1609 1204 1664 quodque
1225 1608 1386 1650 locavit

100 1669 294 1710 eiusdem
323 1668 494 1723 generis
523 1669 699 1723 signum
729 1675 886 1710 natura
916 1684 991 1723 per
1020 1668 1177 1710 orbem.
1468 1682 1519 1707 655

102 1733 309 1782 quattuor
332 1727 504 1782 aequali
529 1729 695 1769 caelum
720 1727 972 1770 discrimine
997 1728 1189 1782 signant,

102 1787 151 1829 in
179 1786 338 1841 quibus
367 1787 573 1828 articulos
603 1786 707 1828 anni
736 1787 842 1829 deus
870 1786 962 1841 ipse
992 1787 1176 1829 creavit:

101 1861 173 1888 ver
197 1845 343 1896 Aries,
371 1845 569 1887 Cererem
595 1845 771 1895 Cancer,
801 1846 1106 1901 Bacchumque
1130 1846 1386 1888 ministrans

103 1905 251 1955 Libra,
279 1905 420 1960 Caper
446 1905 645 1946 brumam
674 1904 934 1960 genitusque
963 1905 1016 1946 ad
1042 1905 1213 1959 frigora
1240 1905 1385 1960 piscis.

101 1979 176 2005 nec
208 1979 293 2005 non
327 1970 368 2005 et
403 1963 569 2018 duplici
601 1979 711 2018 quae
744 1969 845 2005 sunt
874 1979 1034 2005 conexa
1067 1964 1232 2018 figura.
1470 1977 1521 2001 660

160 2063 219 2089 648
246 2057 382 2091 Lucan.
403 2057 433 2090 ΙΙ
453 2060 538 2090 412:
569 2057 792 2090 ‘transverso
819 2056 937 2091 limite
965 2057 1116 2091 ducens'

160 2145 216 2172 631
243 2139 335 2174 deest
361 2140 401 2173 in
421 2143 445 2173 0
471 2141 618 2183 effinxit
640 2140 722 2174 Bon
761 2141 941 2185 expwcrit
960 2142 1081 2174 fieoztl.
1203 2146 1261 2172 633
1287 2140 1451 2172 fraterna

102 2186 157 2232 in]
183 2188 222 2220 Ῑῖι
246 2185 410 2220 fraterna
435 2186 475 2220 in
494 2190 529 2219 M
625 2193 683 2220 635
711 2197 821 2231 saepe
848 2188 904 2221 est
930 2188 967 2221 et
987 2191 1015 2221 G
1046 2197 1156 2232 saepe
1183 2188 1218 2220 et
1238 2189 1299 2218 ML
1326 2184 1448 2230 <sed>

102 2244 214 2278 saepe
235 2234 271 2268 et
289 2233 434 2269 Garrod
505 2240 561 2267 641
588 2244 632 2268 ex
646 2234 733 2279 Rey.
761 2245 779 2268 e
794 2237 858 2268 ΜΘ
884 2235 922 2268 et
939 2238 964 2267 L
1051 2241 1109 2267 644
1136 2234 1316 2277 eoepmzoeit
1329 2232 1450 2267 Bentl.

101 2287 161 2314 648
187 2282 291 2316 secat
309 2280 384 2314 11²&
409 2282 535 2315 secant
553 2280 634 2314 L¹M
712 2287 771 2314 649
798 2280 934 2316 deterit
955 2284 978 2314 0
1006 2280 1171 2315 detrahit
1190 2284 1233 2326 V2
1309 2286 1366 2313 651
1392 2290 1450 2315 ex-

97 2329 238 2372 punoeit
263 2328 383 2363 Bentl.
480 2335 538 2361 654
565 2327 737 2372 quodque
759 2331 786 2361 G
811 2339 957 2372 quoque
978 2332 1039 2361 ML
