1627 2517
444 385 635 432 LIBER
675 384 1003 432 SECUNDUS

48 478 276 521 Maximus
303 478 465 520 Iliacae
493 478 637 532 gentis
664 478 902 520 certamina
929 484 1047 519 vates

48 544 90 579 et
111 537 436 593 quinquaginta
457 552 610 592 regum
632 552 864 592 regemque
883 544 1137 592 patremque

48 597 393 652 Hectoreamque
410 597 552 639 facem
571 603 800 652 tutamque
818 597 896 638 sub
917 596 1103 638 Hectore
1123 596 1314 646 Troiam,

49 671 320 711 erroremque
346 656 470 698 ducis
499 656 683 698 totidem
713 663 817 711 quot
846 656 1008 698 vicerat
1036 655 1162 697 annis

48 715 285 757 instantem
315 715 428 757 bello
459 715 682 770 geminata
712 730 788 770 per
819 715 997 770 agmina
1025 722 1158 770 ponto

48 775 291 830 ultimaque
317 774 364 816 in
391 775 536 829 patria
562 774 789 830 captisque
812 774 1045 830 penatibus
1071 790 1190 816 arma

49 848 120 875 ore
140 849 257 875 sacro
278 834 459 884 cecinit;
489 834 658 889 patriae
680 833 755 889 qui
776 834 872 876 iura
893 834 1060 889 petenti

46 893 150 934 dum
183 893 315 935 dabat
349 893 524 947 eripuit,
559 893 768 948 cuiusque
800 908 851 934 ex
886 907 955 934 ore
986 893 1186 947 profusos

47 952 188 994 omnis
210 952 442 1007 posteritas
466 952 614 994 latices
638 952 685 993 in
709 953 901 994 carmina
925 952 1054 994 duxit

48 1026 306 1066 amnemque
326 1011 374 1053 in
397 1018 546 1053 tenues
569 1026 673 1053 ausa
697 1019 758 1053 est
780 1011 984 1053 diducere
1005 1011 1133 1061 rivos,
1419 1031 1450 1055 ω

48 1070 179 1112 unius
199 1071 387 1112 fecunda
409 1070 556 1121 bonis;
587 1071 660 1112 sed
682 1071 907 1125 proximus
927 1070 997 1112 illi

49 1129 269 1171 Hesiodus
299 1137 510 1171 memorat
541 1130 664 1171 divos
695 1130 931 1184 divumque
963 1130 1156 1184 parentis

49 1196 91 1230 et
110 1189 237 1230 chaos
258 1188 436 1230 enixum
459 1195 594 1230 terras
614 1189 846 1243 orbemque
866 1189 945 1231 sub
965 1189 1044 1230 illo

48 1247 267 1289 infantem
291 1254 334 1289 et
359 1247 524 1302 primos
549 1248 792 1290 titubantia
818 1248 959 1289 sidera
983 1251 1131 1290 cursus

49 1307 316 1362 Titanasque
339 1322 472 1357 senes,
500 1307 617 1348 Iovis
641 1313 683 1349 et
707 1307 922 1349 cunabula
945 1308 1110 1361 magni,
1418 1328 1449 1351 15

46 1372 88 1407 et
114 1365 193 1407 sub
219 1366 358 1407 fratre
384 1366 469 1407 viri
497 1381 666 1416 nomen,
696 1367 787 1407 sine
813 1376 950 1408 matre
978 1366 1186 1421 parentis,

48 1431 178 1480 atque
209 1425 370 1466 iterum
402 1425 546 1480 patrio
579 1432 826 1467 nascentem
859 1440 1033 1480 corpore
1068 1426 1300 1476 Bacchum,

49 1483 280 1539 omniaque
308 1484 520 1526 immenso
549 1484 781 1526 volitantia
812 1485 980 1526 lumina
1010 1486 1185 1527 mundo.

48 1543 157 1597 quin
182 1542 315 1584 etiam
341 1543 456 1585 ruris
481 1544 624 1586 cultus
650 1544 851 1598 legesque
878 1544 1047 1586 notavit

48 1601 343 1656 militiamque
367 1601 470 1647 soli:
504 1603 617 1656 quod
641 1603 768 1644 colles
796 1603 989 1644 Bacchus
1012 1611 1190 1645 amaret.
1417 1623 1449 1647 eo

106 1702 124 1727 4
151 1694 279 1730 Claud.
308 1706 336 1729 c.
363 1696 451 1729 min.
474 1699 587 1735 30,27

105 1785 123 1810 3
148 1778 443 1821 Hectoreamque
470 1780 588 1813 facem
608 1779 702 1813 Scal.
729 1779 1024 1822 Hectoreumque
1049 1780 1143 1813 facit
1163 1782 1187 1812 0
1261 1786 1279 1812 4
1306 1783 1397 1823 quot

45 1824 128 1858 M²G
153 1825 253 1868 quod
272 1825 350 1858 M11.
466 1832 483 1859 5
509 1826 659 1870 agmina
680 1829 704 1859 0
732 1836 893 1869 aequora
914 1831 936 1860 c
1056 1834 1075 1859 6
1101 1826 1296 1871 captisque
1317 1826 1394 1859 ΜἾ.

45 1871 254 1916 capitisque
274 1872 327 1904 M¹
353 1872 472 1916 captis
493 1876 520 1906 G
602 1880 616 1905 7
644 1873 785 1916 patriae
805 1873 869 1916 qui
890 1873 971 1908 iura
990 1873 1133 1918 petenti
1153 1885 1224 1919 eqo,
1251 1874 1395 1918 patriae

46 1919 106 1953 cui
131 1919 214 1953 iura
239 1920 382 1964 petenti
405 1920 516 1955 Gran.
545 1920 669 1963 patria
695 1931 790 1963 quae
817 1921 900 1954 iura
924 1923 1116 1965 petentem
1137 1925 1161 1955 0
1206 1926 1291 1965 post
1308 1922 1340 1955 h.
1367 1933 1384 1955 r

45 1968 206 2010 sequitwr
230 1968 271 2002 in
297 1970 332 2000 Μ
357 1967 481 2001 omnia
507 1966 737 2011 pervolitans
765 1969 822 2011 (cf.
845 1969 896 2002 II
911 1970 971 2012 66)
1142 1975 1160 2002 8
1187 1968 1294 2002 dabit
1314 1972 1348 2001 M

45 2013 239 2059 cuiusque]
265 2014 440 2058 tunisque
459 2015 510 2047 M¹
542 2016 670 2058 (supra
697 2017 737 2049 tu
762 2016 895 2059 scripto
921 2015 968 2060 ri)
1064 2016 1235 2060 profusos
1254 2020 1279 2049 L
1311 2027 1393 2059 pro-

44 2060 147 2094 fusus
168 2064 203 2094 M
227 2061 396 2105 profusas
417 2066 445 2095 G-
511 2069 529 2094 9
555 2061 685 2096 latices
706 2062 758 2094 Μ2
783 2062 908 2097 latites
928 2064 979 2095 Μ’
1006 2063 1129 2097 lances
1150 2067 1206 2097 LG
1273 2063 1393 2107 duxit]

46 2107 138 2141 dixit
157 2112 185 2142 G
303 2115 340 2142 10
366 2108 538 2143 diducere
562 2109 697 2144 Mau-kl.
726 2109 908 2144 deducere
929 2114 953 2144 Ο
1074 2117 1110 2144 12
1135 2111 1302 2154 parentis
1321 2110 1395 2143 L¹G

44 2158 216 2199 parentes
234 2155 280 2188 12²
304 2157 465 2200 potentis
486 2160 521 2189 M
712 2164 746 2190 14
774 2168 900 2192 cursus
922 2158 1031 2192 Bech-
1057 2169 1189 2202 corpus
1211 2161 1234 2190 0
1262 2168 1393 2201 passus

46 2203 171 2238 Loewe
267 2210 302 2236 15
328 2203 422 2237 Iovis
449 2206 487 2237 et
508 2208 534 2236 G
560 2204 694 2238 iuvisse
715 2208 774 2237 ML
873 2212 907 2238 10
934 2207 1051 2239 matre
1072 2206 1162 2250 Huy
1188 2204 1300 2238 fratre
1322 2207 1345 2237 0

44 2256 81 2283 18
106 2249 248 2284 lumina
269 2254 290 2283 C
316 2251 470 2285 numina
490 2251 598 2284 M2LG
623 2252 768 2285 rumina
789 2252 840 2284 Μ]
905 2263 1039 2287 verswn
1069 2253 1258 2286 damnavit
1279 2253 1343 2285 Br.

45 2303 81 2329 19
108 2296 211 2342 quin]
241 2297 378 2340 quique
401 2298 444 2331 G¹
513 2299 660 2333 notavit
680 2300 867 2334 Francius
892 2299 1033 2334 notarit
1053 2300 1097 2332 ΕΙ
1123 2299 1264 2343 rogarit
1284 2300 1394 2332 ΜῙᾹΞιΣ

43 2344 204 2378 novandi
224 2345 343 2379 Bentl.
440 2353 478 2378 20
505 2345 595 2389 quid
615 2346 657 2378 L¹
708 2346 841 2380 amarit
863 2346 908 2379 G2

1135 2406 1179 2438 3³³
