1627 2517
78 416 131 439 ⁴40

77 710 130 737 445

78 1006 131 1031 450

78 1302 130 1327 455

79 1599 131 1624 460

152 111 208 152 90
546 109 736 145 MANILH
762 109 1106 146 ASTRONOMICA
1351 110 1431 145 Lib.
1451 111 1499 145 111

151 219 255 260 haee
273 219 344 260 via
364 218 624 260 monstrabit
644 218 884 260 stadiorum
905 234 1063 273 ponere
1083 234 1286 269 summas,

151 285 192 319 et
222 293 449 320 numerare
479 293 577 319 suos
607 284 726 320 ortus
757 293 832 333 per
863 278 1003 320 sidera
1033 285 1200 320 cuncta.

151 337 266 402 quod
299 337 404 379 bene
436 353 533 378 cum
567 337 757 392 propliis
791 338 922 379 simul
956 337 1244 392 acceptaveris
1276 338 1405 387 horis,

152 412 197 438 in
225 394 346 438 nulla
373 396 501 438 fallet
530 396 706 461 regione
734 396 988 461 hcioseopus
1018 412 1238 452 umquam,

151 470 248 497 cum
271 461 477 510 poterunt
498 455 628 497 certis
650 471 871 497 numeram
896 456 1070 509 singula
1095 455 1221 510 signa

151 515 420 569 temporibus
444 521 566 569 parte
589 530 642 556 ex
665 515 758 564 illa,
785 530 914 570 quam
941 490 1159 557 Pl‘ffiioebus
1165 515 1355 557 habebit.

210 589 326 615 nunc
351 574 510 629 quibus
536 573 707 616 hiberni
735 575 966 616 momentis
993 590 1167 628 surgere
1194 589 1358 616 menses

151 633 383 688 incipiant,
411 657 464 660 ——
489 649 627 688 neque
651 634 769 675 enim
794 634 973 689 paribus
997 649 1073 688 per
1097 634 1239 675 sidera
1264 640 1415 675 cuneta

151 693 389 758 procedunt
411 693 635 747 gradibus,
658 693 731 734 niv
735 693 774 734 ei
797 693 901 734 dum
925 693 1083 734 xelleia
1106 693 1222 747 signi

151 751 427 806 contingunt,
455 767 641 807 aequum
666 753 781 794 luces
806 752 1007 806 cogentia
1033 759 1075 794 et
1102 753 1275 794 umbras

149 811 296 852 ferre
285 826 440 865 iugum
461 835 513 839 —
534 827 693 865 magna
714 819 776 853 est
797 812 909 853 latio
928 812 977 852 b1
981 827 1028 852 ev
1032 811 1200 866 iterque
1218 812 1421 853 docenda.

151 870 371 926 principio
402 870 614 926 capienda
646 870 729 913 tibi
763 877 827 912 est
861 886 1061 912 mensura
1095 870 1196 920 diei,

152 945 282 984 quam
309 930 540 971 minimam
567 930 856 985 Capricornus
884 930 991 984 agit,
1021 931 1243 985 noctisque
1269 945 1344 985 per
1371 930 1495 971 horas

152 1004 282 1043 quam
301 1004 539 1040 summam3
566 1004 734 1044 quoque
753 990 807 1031 ad
827 988 963 1031 iustas
981 988 1249 1044 superaverit
1267 989 1439 1031 umbras

152 1055 193 1089 et
220 1048 411 1103 trepidet
436 1049 565 1098 luces,
596 1049 688 1090 eius
715 1064 815 1103 pars
843 1048 974 1090 tertia
1000 1048 1126 1102 signo

151 1107 361 1149 tradenda
385 1114 448 1149 est
472 1108 616 1149 medio
641 1123 830 1163 semper;
864 1123 949 1162 qua
974 1114 1087 1149 sorte
1109 1113 1277 1149 retenta

149 1166 338 1208 dimidio
370 1166 515 1208 vincat
545 1167 750 1222 primum,
784 1167 983 1209 vincatur
1015 1174 1056 1209 et
1087 1167 1232 1222 ipsum

151 1232 356 1268 extremo.
396 1232 536 1268 totum
565 1227 612 1268 in
640 1233 785 1282 partes
813 1226 878 1268 ita
905 1227 1058 1280 digere
1084 1234 1267 1281 tempus.

152 1285 219 1326 his
248 1284 402 1340 opibus
429 1286 515 1327 tria
543 1285 669 1339 signa
697 1286 866 1336 valent;
902 1286 975 1327 sed
1001 1301 1169 1327 summa
1196 1285 1355 1340 prioris

151 1345 325 1386 accedat
352 1345 538 1395 numeri,
569 1345 798 1387 coniuncta
828 1345 1108 1400 sequentibus
1139 1344 1268 1386 astris

151 1403 339 1453 cesserit,
366 1410 428 1454 ut,
454 1404 590 1445 ternis
614 1404 754 1445 fuerit
779 1403 816 1445 si
841 1404 1014 1457 longior
1039 1404 1155 1445 horis

152 1462 341 1504 brumali
367 1478 452 1504 nox
475 1464 590 1505 forte
615 1463 700 1513 die,
728 1463 1019 1518 Capricornus
1044 1470 1087 1504 et
1112 1463 1215 1504 hora

150 1521 340 1563 dimidia
368 1522 542 1564 attollat
570 1522 699 1572 luces,
730 1529 772 1564 et
801 1522 1028 1577 Aquarius
1058 1522 1206 1564 horam

151 1581 244 1636 ipse
270 1597 391 1623 suam
417 1581 590 1636 proprie
616 1582 746 1623 ducat
772 1596 1050 1636 summaeque
1076 1581 1213 1636 priori

151 1640 379 1694 adiungat,
408 1641 554 1683 Pisces
580 1647 752 1682 tantum
779 1640 864 1683 sibi
892 1641 1099 1696 temporis
1126 1640 1214 1696 ipsi

150 1700 433 1750 constituant,
459 1707 673 1755 quantum
696 1699 915 1755 accipiant
938 1701 989 1741 de
1013 1706 1125 1742 sorte
1149 1700 1358 1755 priorum,

151 1766 193 1800 et
217 1759 358 1801 tiibus
382 1759 569 1814 expletis
594 1759 710 1801 horis
735 1766 992 1814 noctemque
1015 1759 1217 1815 diemque

152 1817 371 1872 Lanigeio
398 1819 572 1860 tradant
599 1819 866 1873 aequandam
893 1826 1084 1874 tempore
1111 1834 1234 1860 vens.

211 1941 268 1967 437
296 1934 520 1969 monstrabit
541 1939 568 1968 G
593 1935 814 1969 monstravit
834 1939 894 1968 ML
993 1942 1051 1968 442
1073 1940 1156 1979 post
1179 1936 1211 1968 Ιι.
1234 1946 1281 1968 υ.;
1310 1935 1355 1968 de
1376 1944 1499 1968 acces·

153 1981 318 2015 sionibus
345 1983 552 2025 temporum
580 1984 617 2016 et
643 1983 917 2017 desessionibus
938 1981 1243 2027 (decessionibus)
1265 1985 1299 2014 M
1325 1981 1379 2024 (in
1400 1992 1443 2015 m.
1460 1982 1498 2024 1.)

199 2035 257 2062 443
284 2028 448 2063 hibernis
469 2029 512 2062 10¹
617 2037 675 2063 444
702 2030 886 2074 incipiant
906 2033 933 2063 G
964 2029 1142 2073 incipiam
1163 2032 1222 2062 ML
1330 2035 1388 2061 446
1415 2038 1499 2062 con-

151 2076 302 2121 tingunt
320 2079 377 2110 LG
403 2077 622 2120 contingant
642 2081 676 2110 M
738 2077 838 2111 luces
860 2078 947 2121 Rey.
974 2076 1067 2111 lucis
1089 2079 1112 2110 0
1211 2083 1268 2109 449
1295 2075 1451 2120 noetiss‘
1473 2078 1501 2108 G

198 2123 307 2157 horas
327 2123 421 2159 Scal.
448 2124 577 2157 horam
598 2127 622 2157 0
720 2132 778 2158 450
806 2124 852 2158 ad
873 2124 990 2158 iustas
1005 2124 1071 2158 Br.
1099 2123 1147 2157 ad
1167 2123 1265 2158 iusto
1287 2126 1311 2156 Ο
1338 2122 1384 2157 ab
1401 2123 1499 2156 iusto

151 2171 245 2206 Seal.
297 2170 463 2216 umbras]
489 2170 620 2204 umbra
640 2171 733 2206 Seal.
857 2178 912 2205 451
939 2171 1102 2215 trepidet
1121 2171 1188 2206 Br.
1216 2170 1406 2214 trepident
1427 2173 1450 2203 0

150 2225 208 2251 454
234 2218 272 2252 111
299 2229 364 2253 om.
387 2218 431 2252 G¹
529 2219 662 2262 degere
681 2219 725 2252 11¹
851 2225 909 2252 456
935 2218 1091 2253 accedat
1109 2218 1222 2254 Jacob
1250 2217 1394 2252 accedit
1415 2219 1439 2250 0

150 2272 208 2298 458
234 2265 413 2300 brumalis
433 2266 500 2301 Br.
551 2268 586 2299 et
606 2266 672 2300 ΒΓ.
698 2266 737 2299 in
758 2269 782 2299 0
893 2272 951 2299 459
978 2265 1174 2300 dimidiam
1193 2266 1237 2299 L¹
1345 2271 1402 2298 461
1427 2263 1500 2308 ipsi

153 2313 240 2358 Res).
267 2312 346 2357 ipse
367 2316 428 2346 ML
453 2312 557 2357 ipsae
579 2316 606 2346 G
736 2319 793 2346 462
821 2314 934 2358 sorte]
955 2313 1041 2347 sede
1062 2316 1096 2346 M
1192 2313 1355 2357 priorum
1377 2311 1499 2347 Bentl.

151 2359 286 2403 prioris
308 2363 332 2393 0
431 2367 489 2393 463
515 2360 567 2405 et]
595 2370 613 2393 e
635 2363 669 2392 M
