1627 2517
117 283 169 306 «395

120 578 172 602 700

122 873 171 897 705

123 1171 174 1195 710

124 1467 174 1491 715

126 1763 177 1788 720

188 96 244 137 26
586 94 774 129 MANILH
800 94 1143 129 ASTRONOMICA
1423 94 1497 128 Lib.
1520 93 1536 128 I

191 204 350 259 incipit
378 204 684 258 Argivumque
714 203 872 245 Ratem
901 218 976 258 per
1005 203 1216 258 aplustria
1247 218 1413 244 summa

191 271 233 305 et
256 263 449 305 medium
473 262 625 305 mundi
651 278 808 316 gyrum
832 262 1126 318 Geminosque
1148 278 1223 317 per
1246 262 1334 303 ima

193 322 317 377 signa
351 330 477 372 secat,
511 322 626 364 subit
661 322 950 370 Heniochum,
984 329 1124 376 teque,
1158 322 1270 363 unde
1301 322 1533 376 profectus,

193 382 431 437 Cassiepia,
455 389 604 437 petens
626 396 752 436 super
774 381 918 436 ipsum
942 381 1097 422 Persea
1120 381 1276 422 transit

193 442 422 496 orbemque
446 457 498 482 ex
523 441 601 482 illa
624 448 824 496 coeptum
847 440 1066 482 concludit
1090 441 1135 481 in
1160 440 1251 495 ipsa

193 501 358 555 trisque
389 507 500 542 secat
533 500 697 542 medios
729 515 857 554 gyros
888 507 927 541 et
959 500 1085 553 signa
1114 500 1328 541 ferentem

193 560 391 615 partibus
423 575 443 600 e
475 560 604 610 binis,
637 560 836 614 quotiens
867 559 1133 614 praeciditur
1164 559 1267 613 ipse.

193 634 268 660 nec
300 620 569 674 quaerendus
601 619 705 661 erit:
743 619 860 661 visus
892 618 1077 660 incurrit
1108 619 1153 659 in
1185 619 1300 673 ipsos

194 685 344 733 sponte
374 694 449 720 sua
479 694 605 733 seque
635 679 726 733 ipse
755 679 878 719 docet
905 678 1108 733 cogitque
1138 677 1294 719 notari.

194 753 379 792 namque
403 738 449 778 in
473 738 666 779 caeruleo
690 738 874 779 candens
898 738 1009 778 nitet
1033 737 1173 778 orbita
1198 737 1358 778 mundo

194 812 268 839 ceu
287 797 472 839 missura
488 797 605 838 diem
623 797 766 838 subito
783 797 1033 851 caelumque
1050 797 1284 838 recludens.

196 871 242 897 ac
273 856 409 898 veluti
441 856 601 898 virides
633 856 840 898 discernit
871 856 1025 898 semita
1056 871 1241 910 campos,

196 931 324 970 quam
347 915 450 957 terit
473 916 646 957 assiduo
668 930 876 957 renovans
898 915 981 957 iter
1003 914 1144 957 orbita
1167 921 1331 964 tractu:

198 975 325 1026 [inter
356 975 518 1016 divisas
550 974 804 1029 aequalibus
835 981 897 1016 est
929 975 998 1015 via
1029 975 1182 1029 partis]

197 1041 241 1075 ut
265 1035 378 1075 freta
404 1042 633 1076 canescunt
658 1034 823 1076 sulcum
847 1034 1028 1075 ducente
1051 1034 1197 1075 carina

196 1093 502 1148 accipiuntque
529 1094 645 1135 viam
671 1094 836 1135 fluctus
864 1093 1166 1148 spumantibus
1195 1093 1334 1141 undis,

197 1168 326 1207 quam
355 1160 493 1194 tortus
521 1168 640 1194 verso
668 1153 803 1194 movit
831 1153 882 1194 de
911 1152 1088 1206 gurgite
1115 1156 1289 1196 vertex,¹

197 1212 406 1253 candidus
428 1212 475 1253 in
497 1212 624 1266 nigro
647 1213 759 1253 lucet
783 1212 843 1253 sic
865 1212 989 1253 limes
1013 1211 1202 1266 Olympo

198 1272 441 1313 caeruleum
468 1272 646 1313 findens
673 1271 843 1325 ingenti
872 1270 1038 1312 lumine
1064 1271 1287 1312 mundum.

200 1338 331 1395 utque
363 1346 460 1372 suos
491 1346 613 1371 aleus
644 1304 901 1385 per⁰n11bila
931 1330 1113 1371 circinat
1148 1329 1245 1371 Iris.

198 1405 257 1430 sic
286 1389 629 1444 superincumbit
657 1389 830 1443 signato
856 1389 1044 1431 culmine
1072 1389 1195 1429 limes

198 1448 408 1490 candidus
437 1456 478 1490 et
507 1449 708 1503 iesupina
738 1449 847 1490 iacit
878 1448 1134 1490 mortalibus
1163 1463 1249 1490 011,1

198 1508 301 1549 dum
333 1523 440 1549 nova
472 1523 547 1562 per
578 1522 746 1549 caecam
778 1508 994 1549 mirantur
1024 1507 1190 1549 lumina
1224 1516 1392 1548 noctem

200 1567 514 1622 inquiruntque
541 1582 680 1609 sacras
707 1567 895 1608 humano
922 1574 1091 1621 pectore
1117 1582 1278 1615 causas,

201 1642 303 1668 num
327 1642 369 1667 se
392 1627 585 1668 diductis
608 1633 784 1668 conetur
808 1626 967 1668 solvere
991 1626 1122 1667 moles

201 1686 484 1739 segminibus,
513 1701 694 1740 raraque
722 1686 867 1727 labent
896 1685 1151 1739 compagine
1180 1685 1314 1726 rimae

202 1745 525 1799 admittantque
559 1760 716 1786 novum
750 1745 897 1786 laxato
931 1745 1124 1798 tegmine
1159 1745 1327 1786 lumen:
1371 1768 1423 1771 —

255 1868 314 1894 694
340 1861 450 1895 Germ
488 1863 589 1895 Arat.
612 1865 697 1896 345:
726 1862 886 1905 ‘Argoae
914 1888 921 1894 .
944 1889 950 1894 .
979 1860 1161 1904 aplustria
1186 1860 1338 1904 puppis’

256 1976 314 2001 694
341 1969 605 2012 Argunemque
631 1969 682 2001 M¹
734 1968 955 2012 amplustria
981 1971 1015 2000 M
1111 1974 1169 2000 095
1195 1966 1271 2000 ima
1292 1969 1315 1999 0
1342 1966 1456 2000 imum
1478 1971 1499 2000 c

199 2023 254 2048 1197
283 2015 440 2059 Casique
465 2015 529 2059 pia
555 2016 606 2048 M¹
634 2015 813 2060 Casiopea
840 2015 893 2048 M²
919 2014 1089 2059 Casiepia
1114 2017 1170 2047 LG
1242 2015 1374 2057 petens
1400 2024 1467 2047 om.
1495 2014 1545 2046 M¹

245 2070 304 2096 099
330 2064 459 2097 secant
484 2066 518 2095 M
633 2069 689 2096 τοι
717 2063 882 2097 subitum
908 2066 943 2096 M
1052 2068 1109 2094 τοο
1134 2062 1270 2105 tractu]
1298 2062 1441 2095 tactum
1467 2064 1501 2093 M

202 2118 255 2143 707
284 2110 421 2145 divisas
447 2109 538 2144 L²G²
564 2110 691 2144 divisis
718 2110 845 2144 ML¹G¹
908 2109 1141 2154 aequalibus]
1169 2107 1378 2151 aequabilis
1404 2108 1498 2143 Scal.

202 2158 274 2204 via]
301 2157 388 2202 quia.
414 2158 532 2199 Ellis;
557 2168 586 2192 v.
611 2158 737 2192 delevit
758 2158 878 2192 Bentz.
966 2163 1019 2190 712
1045 2155 1187 2190 findens
1208 2155 1288 2188 ML²
1312 2155 1454 2200 fingens
1474 2156 1549 2188 L¹G

248 2212 302 2239 713
328 2205 476 2239 nubilat
503 2231 510 2239 .
533 2231 541 2239 .
564 2233 570 2238 .
597 2204 688 2238 hiris
715 2208 749 2237 M
847 2212 901 2238 716
927 2203 1091 2248 caecam]
1118 2204 1257 2236 tactam
1284 2206 1319 2236 M
1367 2202 1549 2236 mirantur

201 2256 263 2285 ven
313 2253 506 2287 vibrantur
532 2255 556 2285 0
667 2259 720 2285 218
747 2252 908 2286 diductis
935 2251 1027 2286 Scal.
1055 2249 1228 2285 deductis
1253 2252 1277 2282 0
1388 2256 1442 2283 719
1469 2260 1549 2293 seg-

203 2300 363 2334 minibus
390 2300 483 2335 Scal.
511 2299 713 2333 seminibus
740 2303 764 2332 0
849 2298 1068 2343 compagine
1095 2297 1209 2331 rimae
1236 2297 1345 2330 M¹LG
1370 2307 1549 2341 compage

202 2347 349 2381 carinae
375 2347 427 2380 M²
526 2354 582 2381 720
609 2347 876 2390 admutantque
903 2347 945 2379 1.¹
