1627 2517
178 66 260 101 XVI
723 66 993 102 PRAEFATIO

47 175 178 201 Ornatus

43 211 177 242 poeticus
238 179 324 216 Iam
351 191 373 216 a
399 178 535 218 multis
552 175 583 232 ¹)
611 179 928 218 animadversum
956 182 1025 225 est,
1059 182 1300 228 quantopere
1328 180 1527 229 Manilius,

179 239 412 288 praesertim
438 238 479 276 in
504 239 728 288 prooemiis,
753 239 1030 277 Lucretium
1049 239 1229 276 imitatus
1251 242 1364 287 esset,
1391 252 1527 289 quam-

177 299 236 336 vis
263 299 304 335 in
329 297 582 347 philosophia
616 299 773 336 omnino
800 298 849 336 ab
876 311 920 336 eo
947 297 1187 336 abhorreret.
1232 293 1311 335 Sed
1336 298 1421 336 fieri
1446 311 1525 337 non

177 359 346 406 poterat,
373 358 468 405 quin
493 357 527 395 is
554 358 622 406 qui
647 359 796 406 primus
823 370 980 395 carmen
1001 356 1047 394 de
1068 358 1311 395 astronomia
1331 357 1527 405 conderet,

178 417 399 465 exemplum
437 415 512 454 sibi
549 418 721 454 sumeret
757 429 897 466 poema
929 416 1128 464 Latinum,
1167 416 1273 465 quod
1310 417 1358 454 de
1395 430 1526 454 rerum

177 477 323 513 natura
349 475 540 524 scriptum
566 478 677 513 esset.
712 474 838 514 Simul
865 477 982 525 poeta
1009 475 1164 513 Stoicus
1191 478 1349 525 gratam
1370 475 1443 513 sibi
1465 488 1526 514 oc-

178 534 374 572 casionem
399 534 614 584 arripiebat
634 534 905 573 adversarium
925 535 1163 584 Epicureum
1182 534 1246 572 vel
1267 535 1527 585 impugnandi

177 593 240 632 vel
273 594 430 643 oblique
461 594 763 645 perstringendi.
808 594 956 632 Verum
986 593 1159 632 imitatio
1192 606 1270 631 non
1295 594 1443 644 ubique
1469 594 1526 632 di-

178 656 287 690 recta
318 655 358 691 et
388 653 556 702 simplex
587 655 658 702 est,
690 653 756 691 sed
784 654 940 702 saepius
967 653 1237 691 contaminata
1263 655 1303 691 et
1327 653 1527 701 intricata,

179 723 267 749 eum
292 712 492 760 Manilius,
523 712 727 750 rhetorum
743 706 776 764 2)
803 712 1031 762 discipulus,
1062 725 1141 750 non
1173 712 1288 750 modo
1314 712 1355 749 in
1381 713 1526 761 priseo-

178 784 276 819 rum,
313 771 379 809 sed
414 773 535 809 etiam
566 771 607 808 in
639 772 868 821 aequalium
900 773 1107 820 poetarum
1140 771 1325 820 operibus
1357 771 1526 809 multum

179 833 357 869 versatus
390 829 454 879 sit,
485 830 545 868 ita
576 833 621 868 ut
652 831 773 869 verba
798 831 1036 869 Lucretiana
1060 830 1277 868 identidem
1303 831 1351 869 iis
1378 844 1478 880 quae
1505 843 1528 868 a

178 889 357 939 Vergilio
396 890 459 928 vel
498 888 640 928 Ovidio
678 892 884 928 mutuatus
924 891 1029 938 orat,
1074 890 1279 928 emendare
1319 890 1529 929 studuerit.

180 949 282 987 Tota
312 949 409 987 haee
439 961 500 987 res
532 950 688 1000 egregie
719 949 897 999 exposita
930 951 989 986 est
1021 949 1070 986 ab
1102 949 1150 986 H.
1171 949 1362 988 Roeschio
1378 943 1424 1001 ³),
1461 949 1528 998 qui

179 1008 410 1057 explorandi
442 1009 546 1046 viam
578 1009 777 1058 ingressus
810 1011 886 1057 est,
919 1021 1038 1057 quam
1063 1007 1209 1047 Hosius
1241 1009 1281 1045 in
1313 1008 1447 1047 libello
1481 1008 1527 1046 de

179 1067 403 1106 imitatione
436 1069 672 1117 scriptorum
697 1068 966 1106 Romanorum
999 1069 1071 1106 cet.
1103 1064 1226 1120 (anno
1255 1064 1388 1117 1907)
1419 1080 1528 1105 mon-

179 1129 384 1166 straverat.
430 1125 623 1165 Ornatum
654 1140 747 1166 vero
780 1127 980 1176 poeticum
1005 1128 1045 1164 et
1069 1127 1402 1177 mythologicum,
1434 1139 1528 1176 qua-

179 1189 295 1224 tenus
320 1186 506 1224 Manilius
538 1188 707 1235 sumpsit
739 1199 784 1224 ex
814 1185 996 1224 Catulli
1021 1186 1223 1236 Vergilii
1249 1185 1414 1224 Ovidii
1446 1198 1527 1223 car-

179 1244 364 1292 minibus,
391 1245 552 1294 collegit
577 1245 746 1284 Adolfus
773 1240 982 1297 Cramer.⁴²)
1016 1245 1129 1290 Quod
1156 1245 1206 1282 ad
1233 1244 1443 1282 Culicem
1469 1247 1527 1283 at·

179 1304 301 1352 tinet,
339 1316 466 1353 pauca
503 1316 628 1353 eaque
665 1304 858 1342 notabilia
896 1304 1075 1353 exempla
1115 1303 1386 1341 similitudinis
1424 1303 1528 1342 idem

181 1362 394 1401 Roesehius
409 1357 442 1415 ⁵)
469 1362 647 1411 protulit.
686 1363 745 1400 De
773 1362 964 1401 Grattio
992 1363 1177 1401 disseruit
1202 1363 1378 1401 Eduinus
1405 1363 1528 1401 Muel-

180 1417 285 1473 ler.⁶)
336 1421 379 1459 Si
409 1435 451 1459 re
483 1434 576 1460 vera
609 1434 776 1468 carmen,
812 1421 916 1470 quod
947 1422 1102 1460 Aetna
1134 1422 1374 1470 inscribitur,
1409 1422 1528 1470 paulo

242 1513 275 1555 1)
301 1510 470 1556 Woltjer‚
497 1511 622 1556 Progr.
650 1511 771 1555 Gron.,
797 1524 834 1556 p.
855 1515 1005 1555 53sqq.;
1032 1511 1125 1555 Boll,
1153 1511 1254 1546 Stud.
1281 1515 1315 1546 ii.
1343 1511 1395 1546 Cl.
1422 1511 1530 1552 Ptol..

241 1607 275 1651 2)
301 1605 404 1640 Edw.
417 1605 560 1648 Mfiller‚
581 1617 644 1640 zur
663 1605 960 1641 Charakteristik
981 1606 1045 1641 des
1065 1606 1178 1649 Man,
1199 1605 1332 1641 Philol.
1348 1610 1391 1640 62
1407 1607 1528 1651 (1903)

181 1652 226 1688 N.
247 1653 285 1687 F.
309 1656 363 1695 16,
389 1665 425 1698 p.
447 1656 597 1687 82—85.

242 1702 276 1745 3)
308 1699 408 1734 Hans
435 1700 568 1743 ffflsch,
601 1699 777 1735 Manilius
804 1700 879 1735 und
905 1701 1041 1735 Lucrez
1067 1701 1168 1746 (diss.
1195 1700 1280 1735 Kiel
1308 1702 1412 1745 1911)
1439 1712 1475 1745 p.
1498 1704 1528 1741 6,

183 1751 238 1791 32,
265 1751 321 1789 47,
349 1751 405 1789 61,
433 1751 487 1790 77,
515 1750 571 1791 90,
601 1751 665 1782 115
693 1747 842 1792 (index).

241 1796 276 1839 4)
300 1794 353 1828 De
367 1794 515 1828 Manilii
535 1795 599 1838 qui
613 1795 747 1829 dicitur
761 1795 967 1830 elocutione
983 1795 1233 1841 (Argentorati
1250 1797 1366 1839 1882),
1387 1807 1421 1839 p.
1437 1799 1528 1829 59-

182 1846 237 1876 89.
264 1842 347 1886 Ipse
367 1841 413 1877 de
431 1841 563 1886 poetis
583 1853 675 1886 quos
690 1842 789 1877 Man.
803 1843 972 1877 imitatus
993 1845 1060 1885 est,
1083 1842 1390 1878 incommentario
1405 1853 1527 1888 agam.

242 1891 276 1934 5)
309 1888 451 1934 Operae
483 1889 645 1934 pretium
677 1891 733 1924 est
765 1890 846 1934 ipsa
871 1890 980 1925 verba
1005 1890 1085 1925 eius
1111 1890 1262 1924 laudare
1289 1889 1324 1934 (l.
1346 1889 1370 1924 l.
1396 1901 1431 1934 p.
1453 1892 1529 1934 46):

185 1935 313 1971 ‘Culex
339 1936 441 1971 37οἙο
476 1936 582 1971 weist
613 1937 691 1972 also
723 1937 827 1972 Teile
860 1949 929 1972 von
954 1937 1053 1973 Man.
1074 1938 1090 1972 I
1111 1941 1196 1980 792,
1234 1936 1335 1971 Lucr.
1356 1937 1406 1971 111
1428 1940 1530 1979 1034,

178 1983 220 2029 ja
244 1983 431 2019 vielleicht
456 1984 551 2018 auch
577 1995 648 2019 von
675 1984 784 2030 Verg.
804 1985 894 2020 Aen.
915 1985 965 2020 VI
991 1985 1096 2031 842s3
1123 1984 1196 2026 auf,
1223 1996 1298 2019 was
1324 1984 1420 2018 nach
1447 1984 1530 2018 dem

183 2030 371 2076 Gesagten
398 2042 440 2065 zu
467 2031 550 2065 dem
571 2031 744 2066 Schlusse
770 2032 917 2078 zwingt‚
946 2033 1019 2067 dass
1044 2042 1156 2067 unser
1175 2031 1290 2066 Culex
1315 2031 1412 2066 nach
1432 2032 1528 2066 Man.

183 2079 216 2113 V
230 2081 297 2113 207
325 2077 383 2123 (cf.
404 2077 479 2113 Cul.
496 2080 577 2122 220)
603 2078 688 2113 fallt
713 2079 789 2114 und
816 2079 927 2114 somit
945 2079 1051 2115 nicht
1070 2079 1136 2114 der
1151 2079 1298 2123 Vergils
1319 2079 1398 2114 sein
1418 2078 1531 2121 kann,

175 2125 253 2161 ⁴auf
275 2125 346 2160 den
373 2125 450 2159 sich
477 2125 537 2159 die
563 2125 794 2161 klassischen
823 2127 1021 2172 Zeugnisse
1046 2126 1252 2162 beziehen'.

244 2176 276 2217 6)
305 2172 437 2207 Philol.
459 2176 503 2207 62
530 2172 588 2217 (N.
603 2173 641 2208 F.
664 2176 734 2219 16),
754 2186 788 2218 p.
811 2177 961 2219 Gsssqq.:
988 2175 1115 2210 Man.I
1136 2177 1180 2209 90
1201 2175 1238 2208 et
1259 2172 1360 2208 Grat.
1383 2173 1470 2217 Cyn.
1494 2178 1532 2215 8;

184 2220 281 2256 Man.
299 2219 329 2253 V
349 2223 416 2254 217
438 2221 475 2254 et
494 2219 593 2254 Grat.
615 2219 704 2264 Cyn.
726 2225 806 2264 445,
833 2221 877 2256 cf.
897 2221 1012 2256 Jacob
1031 2222 1071 2256 in
1091 2222 1147 2257 ed.
1169 2232 1196 2256 s.
1217 2233 1248 2256 v.
1271 2226 1383 2256 metus
1402 2232 1437 2265 p.
1453 2224 1532 2255 213.

185 2266 283 2301 Num
318 2267 572 2312 Lygdamus
599 2267 650 2301 IV
675 2271 720 2302 38
757 2268 924 2313 exemplo
962 2269 1072 2304 fuerit
1105 2268 1260 2303 Manilio
1297 2268 1344 2312 (V
1364 2270 1457 2312 331),
1495 2270 1536 2302 ut

186 2314 385 2349 Muellerus
412 2314 617 2349 arbitratur
643 2316 691 2359 (p.
714 2318 784 2360 80),
813 2316 977 2351 dubium.
