1627 2517
586 121 857 157 PRAEFATIO
1334 121 1401 156 XV

53 235 140 284 quis
183 234 346 283 plurimi
390 235 600 272 aestimata
644 230 833 287 (quorum
870 236 1093 285 fragmenta
1130 233 1180 272 ab
1218 234 1400 272 Ernestio

54 294 207 332 Riessio
218 289 250 346 l)
276 305 430 332 summa
450 305 544 331 cura
563 294 727 332 collecta
748 289 858 347 sunt)
879 295 983 332 inter
1002 296 1055 332 am
1077 295 1161 332 170
1182 295 1221 331 et
1241 295 1293 330 a¹¹¹
1316 295 1400 331 100

54 366 87 392 a.
115 353 204 392 Chr.
231 366 266 390 n.
295 353 438 391 emissa
464 365 565 401 esse,
596 354 642 391 ut
666 353 842 392 Krollius
859 349 892 406 8)
918 353 1070 401 docuit,
1102 353 1153 391 ad
1179 353 1288 391 cuius
1315 365 1400 390 sen-

53 414 220 451 tentiam
241 413 362 451 etiam
381 412 535 450 Bollius
545 406 578 466 3)
600 412 775 451 accessit.
809 412 852 451 Si
869 413 942 451 illa
960 414 1126 451 scientia
1139 412 1399 463 Aegyptiaca,

54 485 133 521 qua
158 473 279 510 etiam
303 471 346 510 L.
368 471 554 510 Tarutius
574 472 783 510 Firmanus
809 472 851 510 in
875 473 984 511 urbis
1010 472 1158 511 Romae
1183 473 1400 521 horoscopo

55 531 318 581 computando
337 543 432 570 usus
452 526 566 584 est4)‚
590 532 672 570 iam
692 544 737 570 eo
757 534 933 582 tempore
954 532 1167 582 pernotuit,
1187 531 1400 569 admodum

54 592 139 629 veri
163 590 292 629 simile
317 590 526 628 Manilium
557 591 599 628 in
629 591 741 629 libris
767 591 806 629 II
834 594 874 629 et
899 592 958 630 ΙΙΙ
990 591 1269 641 componendis
1294 591 1399 628 hunc

51 651 202 688 fontem
227 650 334 688 haud
359 651 567 700 sprevisse,
594 650 660 700 qui
681 652 885 701 signorum
905 651 1204 700 dispositionem
1225 651 1260 688 ei
1280 650 1401 688 dabat

52 722 220 759 eumque
252 707 339 759 περὶ
365 709 739 761 δωδεκατημορίων,
771 709 859 762 περὶ
884 716 961 749 τῶν
987 709 1081 749 ἔπτὰ
1107 709 1282 762 κλήρων,
1313 708 1400 761 περὶ

53 774 121 820 τῆς
153 774 230 807 τῶν
262 768 413 807 δώδεκα
444 768 575 807 τόπων
606 775 816 820 πινακικῆς
842 765 1075 822 ἐκθέσεωςῧ)
1107 770 1305 808 edocebat.
1350 770 1401 807 Et

51 828 229 878 profecto
256 841 356 878 quae
383 841 406 866 a
425 828 590 866 Manilio
617 829 874 878 disputantur
898 830 945 868 de
965 830 1164 868 Fortunae
1191 830 1277 867 loco
1298 841 1400 867 com-

52 887 228 937 putando
255 883 335 941 (III
357 883 628 940 195—196):

207 972 242 1010 si
267 972 356 1020 quis
383 972 470 1020 erit,
497 973 565 1021 qui
590 964 674 1010 tum
701 974 883 1011 materna
909 973 1118 1010 excesserit
1143 973 1246 1020 alvo,

212 1034 323 1069 verte
348 1031 446 1079 vias,
471 1031 574 1069 sicut
598 1033 763 1069 naturae
790 1031 960 1070 vertitur
985 1031 1080 1070 ordo

55 1125 356 1164 similitudinem
387 1138 572 1176 magnam
605 1127 797 1174 praebent
822 1139 911 1164 cum
937 1127 1058 1165 Nech.
1085 1129 1125 1164 et
1149 1126 1234 1164 Pet.
1260 1127 1400 1177 fragm.

56 1186 143 1223 193.
175 1181 294 1238 (Riess
326 1198 364 1234 p.
387 1181 510 1237 363):
549 1184 642 1223 ὅταν
674 1187 820 1236 κλῆρον
852 1185 968 1236 τύχης
1001 1185 1222 1240 λαμβάνῃς,
1254 1182 1401 1236 ’ἡμέρας

57 1242 127 1294 μὲν
152 1242 230 1283 ἀπὸ
255 1240 372 1294 ἡλίου
399 1242 462 1283 ἐπὶ
488 1243 658 1294 σελήνην
683 1242 844 1295 ἀρίθμει
876 1243 940 1283 καὶ
966 1244 1012 1283 τὰ
1039 1245 1102 1283 ἴσα
1127 1242 1204 1283 ἀπὸ
1232 1241 1401 1296 ὡροσκόκ

53 1316 131 1342 που
156 1301 223 1342 καὶ
248 1301 312 1342 ἐπὶ
336 1301 382 1341 τὰ
408 1301 579 1353 ἑπόμενοι
603 1308 680 1341 τῶν
707 1303 857 1358 ζῳδίων
883 1302 1049 1355 (landawe,
1082 1303 1253 1350 νυκτὸς
1279 1301 1327 1343 δὲ
1354 1303 1400 1343 τὸ

53 1361 304 1401 ἀνάπαλιν.
353 1361 396 1401 τὸ
427 1360 623 1401 ἀνάπαλιν
655 1360 697 1402 δὲ
729 1362 767 1401 τί
796 1361 916 1412 ἐστιν;
952 1363 1017 1402 ἵνα
1042 1362 1120 1402 ἀπὸ
1147 1363 1312 1414 σελήνης
1338 1362 1401 1402 ἐπὶ

54 1421 168 1473 ἥλιον
191 1421 362 1477 ποιήσῃς
391 1420 458 1462 καὶ
484 1419 619 1472 μηκέτι
643 1421 698 1468 εἰς
724 1421 771 1460 τὰ
795 1420 985 1474 ἑπόμενα,
1017 1419 1100 1461 ἀλλ’
1130 1422 1185 1470 εἰς
1210 1422 1255 1461 τὰ
1281 1420 1401 1475 ἡγού-

55 1495 152 1531 μενα
178 1479 380 1535 ἀπολύσῃς
406 1476 472 1534 (cf.
500 1478 625 1520 ‘verte
650 1476 822 1535 vias’).⁶)

115 1540 190 1578 Sed
217 1542 405 1590 quoniam
431 1541 618 1580 Manilius
644 1541 825 1590 planetas
851 1542 1022 1580 carmine
1049 1554 1119 1580 suo
1147 1542 1312 1580 exclusit
1337 1555 1401 1580 ne-

55 1613 130 1650 que
162 1600 255 1638 deos
280 1600 550 1650 Aegyptiacos
581 1602 622 1638 in
654 1600 804 1639 zodiaci
836 1601 1002 1639 decanos
1028 1602 1177 1651 recepit
1201 1597 1324 1653 (Man.
1344 1601 1402 1638 IV

58 1660 253 1709 292sqq.3
279 1659 398 1698 Firm.
419 1660 477 1698 IV
499 1661 564 1709 22,
582 1655 638 1711 2),
665 1673 736 1709 pro
763 1660 904 1709 quibus
930 1662 1019 1710 ipsa
1044 1660 1158 1711 signa
1184 1660 1403 1707 substituit,

53 1731 132 1756 non
157 1719 302 1757 mirum
329 1721 400 1767 est,
430 1719 463 1758 si
494 1721 536 1756 in
561 1719 636 1758 hac
659 1722 773 1769 parte
799 1720 908 1757 nulla
935 1720 1207 1758 similitudinis
1233 1719 1403 1770 vestigia

55 1773 296 1830 apparent.⁷)

120 1951 154 1995 1)
179 1950 313 1986 Philol.
341 1950 469 1996 Suppl.
489 1951 540 1985 VI
564 1963 599 1995 p.
621 1954 820 1986 327—378.

116 2000 151 2041 2)
176 1997 223 2033 N.
248 1998 281 2032 J.
308 2000 428 2043 (1901)
455 2002 473 2032 7
501 2010 536 2043 p.
565 2002 643 2033 577.

117 2046 152 2089 3)
179 2045 346 2091 Sphaera
369 2057 405 2090 p.
421 2049 507 2089 374³
535 2045 613 2080 Cat.
641 2046 746 2081 codd.
774 2047 1042 2082 asti-‚V11130:
1072 2046 1147 2081 ‘vix
1171 2048 1256 2091 post
1282 2057 1313 2080 a.
1338 2048 1404 2079 150

58 2103 89 2127 a.
118 2091 199 2127 Chr.
226 2093 278 2127 n.’
552 2095 586 2138 4)
610 2093 706 2129 Plut.
734 2094 838 2129 Rom.
859 2094 942 2138 XII3
968 2094 1052 2129 Boll
1078 2094 1242 2139 sphaera
1268 2105 1303 2138 p.
1326 2095 1405 2127 373.

118 2141 153 2184 ὅ)
178 2139 294 2175 Nech.
321 2142 358 2175 et
382 2140 460 2175 Pet.
487 2142 619 2186 fragm.
644 2153 678 2185 p.
702 2145 780 2175 364.

118 2189 152 2232 6)
177 2187 262 2222 Non
293 2187 410 2232 igitur
434 2189 533 2223 recte
558 2188 702 2223 Breiter
727 2188 865 2224 Comm.
891 2201 926 2233 p.
947 2194 1008 2224 85:
1048 2189 1122 2223 ‘ich
1147 2187 1296 2233 glaube,
1332 2187 1404 2220 dass

59 2234 118 2269 die
144 2235 350 2280 Aegyptier
375 2235 446 2270 den
471 2235 646 2270 Manilius
672 2235 809 2281 richtig
834 2237 1049 2280 auffassen',
1083 2236 1146 2270 sed
1174 2238 1303 2270 contra
1328 2234 1405 2267 Ma-

58 2281 174 2317 nilius
198 2282 293 2317 bene
318 2282 504 2318 intellexit
528 2283 746 2328 Aegyptios.

117 2331 151 2373 7)
176 2329 231 2364 De
257 2329 356 2364 Man.
377 2331 393 2364 Ι
419 2334 480 2365 44;
522 2331 629 2374 ‘quas
657 2333 758 2365 secat
784 2330 1011 2375 Euphrates,
1045 2331 1082 2364 in
1109 2340 1200 2373 quas
1228 2331 1265 2364 et
1292 2329 1406 2363 Nilus

58 2375 231 2410 inundat'
259 2378 328 2411 cet.
355 2377 398 2411 cf.
425 2377 528 2419 Riess,
555 2377 688 2412 Philol.
709 2381 765 2421 54,
794 2381 872 2422 188,
899 2382 930 2412 3.
