1627 2517
603 116 874 151 PRAEFATIO
1322 118 1424 153 XXV

70 232 245 280 crepant,
270 230 546 268 Matritensem
564 231 769 278 tamquam
789 229 903 266 fidele
924 229 1130 279 archetypi
1149 230 1421 280 apographum

71 292 229 328 secutus
256 302 353 337 sum,
379 289 489 327 velut
513 289 534 326 Ι
556 289 638 326 155
665 289 841 326 natantis
860 283 993 340 (ML).

130 349 388 398 Saepissime,
422 348 656 397 praesertim
694 349 732 385 in
767 351 830 396 Μ,
868 348 973 386 inter
1004 360 1045 386 se
1077 348 1372 386 confunduntur
1402 361 1423 386 8

71 411 111 447 et
135 404 239 461 ΜΠ
266 408 361 456 135,
391 405 488 455 158,
515 409 612 456 272,
640 408 742 455 6073
768 406 830 445 111
857 408 960 455 2433
985 407 1022 443 V
1050 408 1146 455 407,
1175 404 1296 460 669),
1333 411 1424 456 quot

71 471 111 506 et
136 468 237 517 quod
261 462 300 519 (Ι
327 462 594 519 508-509),
619 478 753 505 census
780 469 818 504 et
843 478 979 504 sensus
1005 461 1062 519 (H
1085 467 1151 514 69,
1179 468 1277 515 457,
1304 462 1422 520 516),

70 527 233 566 rabidus
258 528 298 565 et
321 527 487 574 rapidus
514 520 574 578 (H
594 527 697 575 5503
722 521 898 577 V224);
923 526 964 563 in
989 529 1025 564 L
1050 528 1241 575 perpetuo
1268 538 1313 564 ae
1339 529 1378 564 et
1405 539 1423 563 c

72 583 242 640 (speciae
266 586 286 623 I
313 581 428 639 450).
479 585 631 624 Deinde
667 585 717 623 ad
752 585 925 624 indolem
960 587 1181 634 scripturae
1217 586 1423 635 archetypi

72 644 382 697 cognoscendam
409 645 637 684 conferendi
664 646 756 683 sunt
779 645 822 682 hi
841 644 929 693 loci,
954 644 1023 683 ubi
1041 648 1089 683 M
1108 646 1147 682 et
1166 648 1201 682 L
1220 658 1298 683 non
1319 645 1423 684 idem

73 718 119 744 ex
151 718 196 744 eo
223 705 532 754 exscripserunt:
568 704 588 742 I
618 705 699 743 128
734 699 796 757 (in
820 704 921 742 idem
946 707 994 752 L,
1028 705 1131 743 unde
1155 699 1232 757 M),
1269 704 1310 742 H
1338 706 1422 743 195

72 760 220 818 (vernis
244 767 308 813 M,
339 776 405 803 ver
430 766 491 802 tus
516 759 607 817 Ll),
644 764 684 802 ΙΙ
720 765 803 802 228
832 759 1038 817 (posidquc
1062 767 1117 813 Μ,
1136 766 1330 812 positique
1355 760 1424 816 L),

72 824 135 863 HI
156 826 208 863 82
240 818 416 876 (modum
435 826 493 872 Μ,
518 823 663 862 mundo
682 819 751 876 L),
777 824 839 861 HI
860 825 944 861 292
973 818 1156 875 (cadendi
1174 827 1232 872 Μ,
1258 825 1424 862 canendi

72 879 163 936 11¹),
199 883 262 922 ΠΙ
289 884 372 921 508
401 877 498 935 (sint
521 886 579 931 M,
611 886 716 921 stant
738 878 829 935 L1),
868 883 904 919 V
933 884 987 921 50
1015 879 1124 935 (utra
1149 886 1206 931 M,
1238 895 1331 921 vera
1356 878 1423 935 L),

71 943 108 980 V
125 945 209 983 146
229 939 469 996 (frocitisque
487 946 546 991 M,
569 943 755 991 fortisque
773 937 858 994 Ll),
884 942 921 978 V
935 944 1020 981 470
1041 937 1200 993 (Oescus
1219 946 1278 990 M,
1303 946 1426 980 cestus

72 998 159 1056 Ll),
195 1003 231 1040 V
260 1003 343 1041 567
370 1000 558 1052 (privatis
582 1004 647 1050 M,
677 1003 863 1050 primatis
894 997 986 1054 1³¹),
1023 1002 1059 1038 V
1088 1003 1170 1055 563
1205 998 1340 1053 (rupes
1365 1005 1424 1050 M,

72 1065 178 1111 νέρθε
202 1056 287 1114 12¹).
318 1061 382 1099 Ad
408 1075 528 1111 quam
554 1062 734 1100 codicum
760 1061 1067 1110 discrepantiam
1093 1062 1128 1099 si
1152 1061 1274 1099 addas
1302 1062 1424 1099 etiam

74 1122 175 1160 vitia
205 1121 450 1160 Matritensis
487 1121 662 1170 propria,
701 1121 742 1157 in
780 1133 857 1170 quo
889 1121 1047 1170 singula
1078 1120 1275 1158 vocabula
1307 1120 1426 1158 toties

74 1194 196 1231 prave
222 1180 351 1218 divisa
376 1181 480 1227 sunt,
511 1180 628 1217 facile
655 1179 826 1217 conicias
852 1180 1110 1229 archetypum
1135 1179 1281 1217 litteris
1308 1192 1424 1229 gran-

77 1240 191 1279 dibus
217 1236 434 1289 (scriptura
461 1239 625 1288 capitali
649 1234 846 1292 rustica‘B)
874 1241 1079 1277 exaratum
1105 1234 1274 1290 fuisse.¹)

135 1300 287 1347 Restat,
311 1301 359 1337 ut
377 1299 529 1350 gratias
550 1311 665 1349 agam
688 1297 948 1336 Guilielmo
963 1298 1223 1349 Vollgraff,
1250 1298 1424 1348 collegae

77 1357 328 1407 amicissimo,
355 1357 460 1407 quod
478 1359 521 1395 in
541 1357 715 1408 plagulis
736 1358 977 1408 corrigendis
998 1359 1156 1395 strenue
1176 1371 1238 1396 me
1258 1357 1426 1396 adiuvit.

135 1465 285 1516 Scripsi
310 1463 537 1515 Groningae
562 1476 695 1503 mense
721 1464 867 1503 Martio
893 1477 927 1504 a.
953 1463 1175 1503 MCMXIV.

836 1566 880 1610 J.
914 1579 1003 1609 van
1028 1567 1366 1619 Wageningen.

139 1673 173 1720 1)
207 1673 491 1717 Discrepantiae
516 1672 701 1714 lectionis,
734 1673 863 1717 quales
889 1674 976 1707 sunt
1001 1673 1134 1707 VTRA
1160 1674 1197 1707 et
1222 1672 1355 1707 VERA
1380 1672 1428 1719 (V

79 1722 150 1766 50),
175 1720 412 1763 POSIDQVE
438 1721 477 1756 et
500 1719 752 1763 POSITIQVE
779 1720 825 1767 (H
845 1721 929 1766 228)
949 1721 1016 1755 cet.
1039 1720 1163 1765 potius
1184 1731 1228 1754 ex
1247 1720 1427 1764 scriptura

80 1768 234 1813 capitali
267 1767 406 1803 rustica
441 1779 553 1813 quam
588 1779 633 1803 ex
666 1768 807 1803 unciali
840 1771 941 1803 ortae
972 1768 1156 1803 videntur.
1207 1768 1305 1802 Raro
1330 1767 1430 1802 inter

80 1827 119 1850 se
145 1815 420 1850 confunduntur
445 1816 469 1850 d
494 1818 532 1851 et
557 1816 605 1858 cl,
641 1816 684 1851 ef.
711 1815 760 1850 IV
780 1819 865 1859 916,
891 1815 924 1850 V
945 1819 1029 1857 373,
1061 1815 1094 1850 II
1115 1818 1182 1849 863
1215 1816 1330 1860 (seclis
1360 1826 1428 1860 pro

77 1863 173 1900 sedis·
197 1863 250 1908 G).
