1627 2517
128 181 179 207 150

128 477 178 504 155

126 772 178 799 160

126 1068 176 1095 165

125 1365 140 1391 '1
146 1367 178 1391 70

127 1662 177 1688 175

202 56 285 97 106
595 55 787 102 MANILlI
811 54 1157 92 ASTRONOMICA
1396 56 1476 92 Lib.
1497 55 1547 90 IV

199 163 344 206 laudis
375 179 495 205 amor
527 163 699 214 tacitae,
732 171 897 206 mentes
929 171 971 206 et
1003 179 1181 218 corpora
1211 165 1336 206 tarda

200 223 313 265 mole
337 223 496 273 valent,
522 223 779 278 habitatque
804 239 911 278 puer
937 224 1015 265 sub
1040 224 1189 265 fronte
1212 224 1398 278 Cupido.

260 282 437 324 mollius
466 298 486 324 e
514 282 716 324 Geminis
744 282 938 324 studium
967 290 1031 324 est
1059 290 1100 324 et
1128 283 1278 325 mitior
1306 289 1423 325 aetas

199 357 274 396 per
300 342 442 384 varios
467 348 619 384 cantus
644 338 954 397 modulataque
982 338 1156 384 vocibus
1183 357 1257 383 ora

200 408 243 443 et
267 401 446 455 gracilis
470 401 657 443 calamos
681 407 723 442 et
748 401 891 443 nervis
915 401 1051 442 insita
1074 402 1202 443 verba

200 460 536 515 ingenitumque
566 475 742 511 sonum;
779 460 899 502 labor
928 468 992 502 est
1023 461 1155 502 etiam
1185 460 1281 516 ipsa
1310 461 1534 516 voluptas;

200 535 320 561 arma
346 520 496 574 procul
523 520 742 574 lituosque
769 520 921 562 volunt
949 520 1205 575 tristemque
1234 527 1472 571 senectam;

200 579 291 620 otia
318 587 360 621 et
387 585 606 621 aeternam
634 586 851 634 peragunt
881 579 927 620 in
956 595 1099 621 amore
1125 580 1362 621 iuventam.

200 637 432 680 inveniunt
459 645 501 680 et
528 638 575 679 in
603 646 719 680 astra
747 638 839 680 vias
867 639 1144 693 numerisque
1171 639 1398 694 modisque

199 705 500 739 consummant
531 697 676 739 orbem
707 704 890 753 postque
921 698 1037 753 ipsos
1069 698 1210 739 sidera
1241 698 1473 753 linquunt;

199 764 355 799 natura
388 757 568 811 ingenio
600 757 743 799 minor
775 764 839 798 est
872 772 1034 812 perque
1067 757 1213 798 omnia
1245 758 1390 799 servit.

200 815 248 857 in
277 823 340 858 tot
367 816 547 858 fecundi
577 815 761 857 Gemini
787 823 1030 858 commenta
1058 817 1276 858 feruntur.

261 876 424 917 Cancer
449 876 503 917 ad
527 876 749 917 ardentem
774 876 952 930 fulgens
978 876 1025 917 in
1050 876 1226 917 cardine
1248 883 1422 926 metam,

199 950 329 989 quam
358 935 558 977 Phoebus
585 935 768 977 summis
794 942 1015 977 revocatus
1041 935 1240 976 curribus
1267 935 1420 984 ambit,

199 994 434 1036 articulum
464 994 618 1036 mundi
649 994 808 1036 retinet
838 995 1037 1049 lucesque
1069 994 1274 1036 reflectit.

201 1053 277 1094 ille
307 1060 436 1095 tenax
467 1053 605 1095 animi
637 1054 864 1108 nullosque
896 1054 1069 1096 effusus
1099 1054 1145 1094 in
1178 1069 1276 1095 usus

200 1112 406 1154 attribuit
435 1113 576 1155 varios
604 1120 809 1168 quaestus
838 1120 1062 1168 artemque
1091 1114 1329 1155 lucrorum:

199 1187 337 1213 merce
370 1172 602 1227 peregrina
632 1173 858 1214 fortunam
886 1171 1007 1214 'ferre
1039 1188 1115 1228 per
1149 1170 1273 1214 ur'bes

200 1239 255 1281 et,
290 1232 442 1285 gravia
475 1247 670 1273 annonae
705 1230 998 1286 speculantem
1033 1232 1247 1281 incendia,
1283 1231 1423 1273 ventis

199 1292 369 1332 credere
400 1306 500 1346 opes
531 1291 733 1345 orbisque
764 1291 857 1333 orbi
891 1291 1002 1333 bona
1032 1292 1213 1333 vendere
1242 1306 1364 1345 posse

199 1356 348 1404 totque
371 1366 446 1404 per
469 1350 642 1404 ignotas
665 1350 920 1392 commercia
944 1350 1126 1404 iungere
1148 1357 1284 1391 terras

199 1416 326 1464 atque
352 1409 439 1451 alio
465 1410 544 1451 sub
570 1410 655 1450 solc
680 1424 810 1450 novas
835 1409 1060 1464 exquirere
1085 1410 1264 1464 praedas

198 1476 240 1510 et
269 1484 412 1510 rerum
443 1469 583 1523 pretio
614 1469 780 1510 subitos
809 1484 1060 1523 componere
1089 1484 1250 1510 census.

199 1527 381 1581 navigat
405 1534 447 1569 et
468 1527 618 1569 celeris
642 1528 832 1582 optando
857 1527 1046 1569 sortibus
1070 1543 1203 1569 annos

199 1587 400 1629 dulcibus
432 1587 588 1637 usuris,
621 1602 756 1642 aequo
788 1603 970 1642 quoque,
1004 1594 1199 1642 tempora
1229 1587 1393 1629 vendit.

199 1645 428 1701 ingenium
451 1647 600 1688 sollers
621 1662 782 1701 suaque
804 1647 850 1688 in
873 1646 1129 1701 compendia
1151 1662 1343 1701 pugnax.

255 1706 351 1760 quis
383 1705 568 1755 dubitet,
600 1706 710 1747 vasti
741 1721 849 1761 quae
874 1706 932 1747 sit
962 1712 1117 1747 natura
1151 1705 1323 1756 Leonis,

199 1779 391 1819 quasque
421 1780 496 1806 suo
524 1765 660 1806 dictet
690 1765 816 1818 signo
847 1764 1123 1807 nascentibus
1152 1765 1301 1807 artes?

198 1822 274 1865 ille
300 1839 431 1865 novas
459 1839 626 1879 semper
652 1840 837 1879 pugnas,
866 1839 976 1866 nova
1005 1824 1116 1866 bella
1141 1825 1336 1866 ferarum

255 2029 312 2057 150
332 2027 416 2067 post
441 2023 581 2057 tacitae
607 2024 822 2068 'interpunxi
929 2030 983 2057 151
1010 2022 1140 2058 fronde
1161 2024 1205 2057 G²
1313 2030 1369 2057 152
1395 2022 1543 2057 mollius

198 2069 285 2115 Req.
313 2069 487 2104 mollibus
509 2073 532 2103 0
618 2077 675 2104 153
701 2082 765 2105 ora
787 2074 814 2104 G
839 2070 930 2105 hora
950 2073 1011 2103 m.
1096 2077 1152 2104 156
1178 2070 1291 2105 lituos
1313 2074 1340 2104 G
1424 2077 1478 2104 157
1505 2069 1543 2103 in

197 2128 322 2152 amore
342 2117 461 2152 Bentl.
489 2116 526 2151 in
555 2119 673 2152 morte
694 2120 718 2150 0
839 2125 895 2152 159
921 2119 1078 2162 postque
1098 2118 1217 2152 Bentl.
1252 2120 1451 2162 postquam
1472 2120 1496 2150 0

197 2171 252 2198 162
278 2166 416 2199 metam
430 2165 550 2199 Bentl.
571 2164 707 2198 victam
724 2168 747 2198 0
769 2166 890 2209 (etiam
909 2166 950 2199 in
964 2166 1010 2207 M)
1030 2164 1163 2199 vittam
1178 2165 1270 2200 Scal.
1334 2171 1390 2199 168
1415 2164 1543 2210 quam]

196 2223 270 2255 qua
288 2212 412 2248 Jacob.
533 2218 590 2245 104
616 2212 774 2246 reflectit
793 2213 874 2245 ΜΗ
903 2211 1069 2247 reflectet
1089 2213 1130 2245 1.¹
1161 2212 1320 2254 reflecti3
1341 2216 1369 2246 G
1487 2218 1544 2245 166

195 2269 289 2303 opus
309 2263 344 2293 M
416 2258 589 2303 orbisque
616 2259 696 2294 orbi
717 2262 782 2292 m}
807 2259 962 2303 orbique
989 2259 1088 2293 orbis
1108 2263 1132 2292 L
1248 2266 1304 2293 176
1330 2258 1458 2294 celeris
1479 2261 1544 2292 m}

196 2305 346 2342 sceleris
366 2310 392 2340 1.
489 2313 545 2340 174
571 2317 688 2351 aequo
715 2318 861 2350 quoque
883 2310 909 2340 G
936 2317 1128 2351 aequoque
1150 2310 1211 2340 m.
