1627 2517
105 71 138 94 v.
160 63 346 93 230—283
503 57 692 93 MANILII
717 55 1059 91 ASTRONOMICA
1401 56 1457 95 45

168 166 322 221 quodsi
351 165 517 207 sollerti
547 163 841 219 circumspicis
871 163 1015 204 omnia
1047 178 1161 211 cura,

107 226 313 267 fraudata
344 224 538 266 invenies
569 223 740 265 amissis
771 222 914 264 sidera
942 221 1160 263 membris.

109 284 309 339 Scorpios
336 284 384 325 in
410 283 548 325 Libra
574 282 790 324 consumit
816 281 1029 331 bracchia,
1059 282 1228 322 Taurus

108 344 293 386 succidit
314 343 363 384 in
385 358 512 384 curvo
536 342 714 384 claudus
735 341 856 397 pede,
881 340 1050 382 lumina
1073 341 1238 382 Cancro

108 403 277 453 desunt,
304 403 521 444 Centauro
547 407 740 456 superest
767 407 809 443 et
833 400 1056 455 quaeritur
1084 415 1230 441 unum.

107 461 168 503 sic
192 468 358 503 nostros
380 476 500 503 casus
524 461 688 502 solatur
711 460 898 502 mundus
922 460 969 501 in
992 459 1120 501 astris

109 521 391 576 exemploque
421 521 543 562 docet
573 519 788 575 patienter
818 520 977 561 damna
1006 519 1165 568 subire,

109 579 250 622 omnis
274 595 372 622 cum
396 580 512 621 caelo
535 580 739 621 fortunae
763 579 950 634 pendeat
975 578 1092 628 ordo,

109 639 289 694 ipsaque
317 637 536 680 debilibus
564 639 809 680 formentur
839 638 980 679 sidera
1008 637 1225 679 membris.

170 697 436 753 temporibus
463 713 632 753 quoque
661 704 760 739 sunt
787 697 977 752 propriis
1004 697 1214 752 pollentia
1242 696 1390 751 signa:

109 764 248 799 aestas
280 773 304 799 a
335 757 551 807 Geminis,
585 763 819 798 autumnus
850 756 1033 810 Virgine
1066 757 1221 810 surgit,

109 817 262 858 bruma
293 815 570 871 Sagittifero,
603 831 674 857 ver
705 815 906 857 Piscibus
936 814 1094 870 incipit
1126 830 1224 857 esse.

110 881 317 930 quattuor
340 875 387 916 in
412 882 557 930 partes
583 875 831 916 scribuntur
856 874 997 916 sidera
1024 881 1175 924 terrae,

112 933 293 976 hiberna
323 934 514 984 aestivis,
548 934 771 976 autumnis
803 949 932 975 verna
964 940 1222 989 repugnant.

170 1008 246 1037 nec
274 993 379 1035 satis
408 1000 472 1035 est
499 994 698 1048 proprias
725 993 950 1048 signorum
980 1008 1149 1035 noscere
1177 994 1364 1042 formas;

111 1067 318 1094 consensu
345 1068 513 1107 quoque
538 1053 634 1094 fata
660 1059 833 1094 movent
858 1058 900 1094 et
926 1053 1098 1094 foedere
1125 1053 1316 1106 gaudent

111 1118 241 1166 atque
267 1111 368 1153 aliis
394 1112 505 1153 aliae
533 1112 763 1153 succedunt
790 1118 901 1153 sorte
926 1112 1115 1166 locoque.

111 1170 298 1212 circulus
323 1177 371 1212 ut
395 1171 546 1212 dextro
572 1171 797 1224 signorum
821 1170 1039 1212 clauditur
1065 1171 1178 1220 orbe,

114 1230 160 1270 in
187 1230 266 1271 tris
293 1230 487 1284 aequalis
514 1229 719 1271 discurrit
744 1230 860 1271 linea
886 1230 1053 1279 ductus,

112 1289 244 1344 inque
265 1289 403 1330 vicem
425 1288 629 1330 extremis
652 1289 800 1343 iungit
822 1304 863 1330 se
884 1288 1055 1331 finibus
1077 1289 1184 1344 ipsa,

112 1354 154 1389 et
186 1362 481 1403 quaecumque
512 1348 633 1397 ferit,
669 1348 874 1393 dicuntur
906 1347 1034 1402 signa
1066 1348 1253 1402 trigona,

115 1407 162 1447 in
181 1406 267 1448 tria
285 1407 475 1462 partitus
496 1407 609 1462 quod
630 1414 694 1448 ter
714 1407 831 1448 cadit
850 1407 1035 1461 angulus
1057 1414 1185 1457 astra,

116 1481 226 1520 quae
250 1466 393 1508 divisa
419 1473 596 1508 manent
623 1466 758 1508 ternis
785 1466 997 1508 distantia
1021 1466 1172 1520 signis.

118 1525 310 1580 Laniger
334 1540 386 1567 ex
412 1525 591 1581 paribus
617 1525 772 1581 spatiis
798 1526 883 1567 duo
909 1526 1048 1580 signa,
1076 1525 1235 1568 Leonis

117 1591 247 1639 atque
275 1583 508 1639 Sagittari,
536 1585 705 1627 diverso
734 1585 946 1640 conspicit
975 1592 1085 1626 ortu.

117 1643 317 1697 Virginis
340 1650 381 1685 et
408 1643 543 1685 Tauri
568 1644 830 1699 Capricorno
855 1650 1058 1686 consonat
1083 1651 1260 1686 astrum.

116 1710 256 1743 cetera
277 1709 378 1744 sunt
401 1702 538 1744 simili
562 1703 728 1744 ratione
752 1704 975 1757 triangula
998 1704 1123 1757 signa

119 1776 194 1816 per
219 1762 402 1802 totidem
428 1762 555 1803 sortis
581 1762 747 1804 distant
773 1778 881 1817 quae
906 1763 1077 1803 condita
1106 1764 1290 1812 mundog

177 1863 233 1889 252
261 1858 304 1889 ct'.
332 1856 441 1889 Firm.
462 1856 493 1888 ll
514 1859 570 1897 22,
586 1860 692 1899 3sqq.

177 1933 234 1960 259
259 1926 373 1970 perde
393 1929 428 1959 M
524 1925 662 1960 Cancro
685 1926 773 1971 Rey.
809 1925 938 1960 Caneri
960 1929 982 1959 0
1134 1934 1193 1961 260
1220 1927 1340 1961 urium
1360 1930 1396 1959 M

116 1980 173 2007 261
198 1975 324 2007 nostro
344 1976 380 2006 M
475 1980 533 2007 262
558 1973 752 2017 pacientur
771 1976 805 2006 M
912 1980 971 2007 264
992 1979 1074 2018 post
1099 1975 1130 2008 h.
1154 1986 1202 2009 v.:
1230 1984 1326 2018 quae
1353 1984 1466 2008 verna

118 2020 290 2055 estivalia
321 2021 554 2055 autumnalia
586 2021 763 2055 hiemalia
783 2024 818 2053 M
857 2031 951 2064 quae
983 2021 1152 2056 vernalia
1184 2021 1369 2056 aestualia
1403 2033 1466 2054 au-

117 2067 302 2102 tumnalia
326 2068 504 2103 hiemalia.
523 2072 551 2102 G
640 2075 697 2102 267
724 2068 778 2102 vir
796 2071 832 2101 M
921 2075 978 2102 268
1004 2070 1138 2113 terrae]
1165 2071 1271 2103 terna
1290 2069 1421 2112 Fayus

118 2122 176 2149 269
196 2119 281 2159 post
299 2116 332 2150 h.
353 2127 401 2150 v.:
429 2126 525 2160 quae
551 2117 661 2150 cauta
687 2117 724 2150 et
749 2126 875 2150 eorum
903 2115 1031 2150 dextra
1057 2118 1122 2150 aut
1142 2116 1294 2150 sinistra
1313 2119 1348 2148 M
1373 2125 1467 2159 quae

119 2173 246 2197 eorum
271 2162 401 2197 dextra
427 2164 492 2197 aut
517 2163 669 2198 sinistra
690 2167 717 2197 G
813 2170 871 2196 272
897 2165 994 2197 sorte
1015 2164 1084 2197 G¹c
1110 2164 1207 2198 forte
1227 2162 1336 2196 MLG²
1409 2168 1468 2196 273

119 2209 266 2256 dextro]
286 2209 378 2244 flexo
400 2211 518 2246 Bentl.
600 2217 656 2244 277
683 2210 846 2254 partitus
865 2214 901 2244 M
924 2211 1086 2255 partit-ur
1105 2215 1161 2245 LG
1228 2217 1286 2243 27⁹
1313 2221 1357 2243 ex
1371 2210 1469 2244 Ellis

120 2259 158 2290 et
179 2260 203 2290 0
276 2263 335 2292 283
361 2257 469 2292 sortis
483 2258 578 2293 Seal.
598 2257 706 2292 tortis
721 2261 745 2291 0
796 2258 939 2292 distant
959 2259 1002 2293 L.
1019 2259 1120 2293 BIue.
1142 2258 1276 2292 desunt
1291 2260 1314 2290 0
1335 2257 1470 2291 desunt

121 2315 216 2347 quae
242 2309 302 2340 cet.
329 2306 374 2350 (v.
388 2307 475 2350 283)
506 2316 619 2350 usque
649 2306 699 2340 ad
731 2305 898 2350 exemplo
926 2307 981 2339 est
1008 2307 1142 2350 (v.287)
1169 2305 1322 2339 damnat
1347 2305 1467 2339 Bentz.

1478 406 1528 430 3⁶32)

1481 703 1530 728 265
