1627 2517
559 584 944 632 PRAEFATIO

133 706 192 743 Ex
219 705 268 744 iis
294 718 396 755 quae
423 706 570 744 Paulus
597 705 878 744 Thielscher
894 700 928 757 ¹)
955 704 1000 743 de
1026 704 1217 744 librorum
1243 705 1424 743 Manilia-

75 778 215 803 norum
232 765 457 804 recensione
477 764 710 814 disputavit,
737 766 833 803 satis
855 766 1021 814 apparet
1040 777 1172 802 omnes
1192 764 1282 802 illos
1302 764 1424 802 libros

78 819 265 878 (amplius
292 824 437 875 viginti
463 820 655 877 quinque)
684 837 729 862 ex
754 837 835 862 uno
863 824 1074 873 eodemque
1095 824 1310 873 exemplari
1329 824 1424 861 flux-

75 885 152 922 isse
166 879 213 937 ²),
237 883 378 922 deinde
405 884 502 922 duos
528 885 592 923 vel
611 886 691 922 tres
712 888 823 935 (nam
843 883 890 921 de
909 883 1028 921 tertio
1048 896 1127 921 non
1148 885 1303 922 constat
1322 883 1426 920 inter

75 943 179 982 viros
216 938 475 996 Manilianos)
514 943 667 982 codices
705 955 808 992 esse,
849 943 917 992 qui
955 956 1000 980 ex
1037 944 1123 992 ipso
1163 943 1377 992 archetypo
1390 937 1423 995 3)

75 1004 308 1041 emanarunt
339 1003 573 1053 'quibusque
609 1004 763 1040 textum
801 1003 1106 1041 Astronomicon
1144 1002 1218 1040 niti
1256 1004 1424 1051 oportet,

73 1064 161 1099 tum
195 1062 368 1111 reliquos
406 1062 558 1100 codices
597 1075 730 1100 omnes
769 1075 814 1100 ex
845 1062 894 1099 iis
926 1062 1143 1111 descriptos
1176 1074 1268 1100 esse.
1327 1060 1424 1100 Cum

74 1122 206 1159 autem
231 1121 316 1170 ipse
344 1122 581 1171 archetypus
601 1123 776 1171 perierit,
800 1122 937 1171 magni
955 1122 1146 1159 momenti
1165 1134 1247 1159 esse
1267 1121 1425 1159 videtur

74 1182 113 1218 et
142 1180 316 1218 indolem
346 1180 467 1219 trium
500 1180 661 1218 illorum
695 1182 917 1218 accuratius
951 1180 1168 1218 describere
1195 1183 1235 1218 et
1259 1180 1422 1218 necessi-

73 1239 261 1288 tudinem,
295 1252 396 1289 quae
428 1239 532 1278 inter
558 1252 623 1278 eos
650 1239 871 1288 intercedit,
902 1239 1084 1288 pluribus
1109 1239 1238 1278 verbis
1265 1239 1423 1278 demon-

75 1301 210 1337 strare.

132 1358 309 1396 Primum
341 1360 474 1396 autem
506 1359 636 1396 10311111
668 1358 821 1397 obtinet
852 1358 972 1397 codex
999 1358 1229 1396 chartaceus
1256 1358 1295 1395 M
1305 1357 1421 1396 atri·
1444 1357 1481 1391 M

73 1418 222 1456 tensis
248 1413 532 1471 (bibliothecae
552 1417 767 1456 nationalis
787 1421 834 1456 M
848 1413 936 1470 31),
962 1417 1073 1456 cuius
1092 1418 1306 1469 imaginem
1326 1418 1421 1467 pho-

73 1478 308 1527 totypicam‚
340 1490 363 1515 a
395 1491 431 1516 v.
457 1477 504 1516 31.
533 1476 709 1515 Gabrieli
735 1475 868 1516 Ochoa
893 1477 1042 1515 Blanco
1070 1477 1305 1525 confectam,
1337 1478 1421 1526 ipse

73 1535 180 1574 domi
197 1548 306 1574 meae
325 1539 516 1586 perpetuo
537 1538 713 1575 conferre
732 1537 860 1586 potui.
888 1536 1054 1575 Constat
1072 1537 1137 1575 hic
1150 1536 1283 1583 codex,
1305 1549 1419 1585 quem

72 1594 220 1646 Poggio
246 1606 352 1634 anno
375 1597 487 1634 1417
514 1609 585 1645 per
609 1596 810 1635 hominem
836 1597 1225 1646 „ignorantissimum
1246 1595 1421 1633 omnium

71 1654 314 1693 viventium“
340 1668 387 1693 ex
407 1656 620 1705 archetypo
641 1655 940 1693 describendum
961 1655 1116 1694 curavit
1128 1650 1177 1707 4),
1203 1668 1248 1692 ex
1268 1654 1420 1693 duabus

71 1714 267 1764 partibus,
301 1727 470 1764 quarum
501 1716 611 1764 prior
642 1710 729 1767 (fol.
754 1712 916 1767 1—59)
949 1714 1106 1752 Manilii
1130 1715 1421 1765 Astronomica,

71 1773 266 1822 posterior
302 1768 390 1826 (fol.
413 1769 636 1827 60—115)
676 1773 796 1812 Statii
835 1773 965 1812 Silvas
1003 1773 1170 1822 exhibet,
1207 1776 1420 1823 utrumque

74 1844 170 1882 opus
206 1832 341 1871 eadem
374 1846 497 1871 manu
529 1835 807 1882 conscriptum.
856 1833 969 1872 Illius
1001 1833 1128 1883 partis
1159 1834 1302 1882 prioris
1330 1836 1421 1871 sunt

75 1891 249 1941 quinque
282 1893 478 1941 seniones,
511 1905 677 1942 quorum
708 1893 827 1942 primi
860 1893 965 1942 quod
997 1892 1196 1942 quondam
1230 1895 1315 1931 erat
1340 1892 1420 1941 pri-

73 1963 179 1988 mum
209 1951 350 1989 folium
374 1964 477 1990 nunc
504 1952 691 1990 amissum
718 1955 795 2001 est,
827 1965 905 2001 quo
931 1953 1036 1990 facto
1064 1952 1219 1989 Manilii
1244 1963 1380 1990 versus
1400 1951 1421 1989 Ι

131 2076 164 2120 1)
202 2075 336 2111 Ρ111101.
361 2076 437 2112 NF.
457 2077 521 2111 XX
548 2090 583 2122 p.
605 2082 788 2121 85—134;
828 2077 982 2121 Garrod,
1008 2077 1107 2112 Man.
1134 2077 1232 2111 Astr.
1258 2077 1281 2111 1.
1303 2077 1334 2110 ΙΙ
1360 2076 1417 2110 111-

71 2122 162 2157 trod.
188 2135 223 2168 p.
244 2123 614 2168 XXXIV—XXXIX3
641 2125 797 2168 Breiter,
823 2125 923 2159 Man.
950 2125 1047 2160 Astr.
1075 2125 1194 2159 Praef.
1214 2124 1340 2159 I—Xl.

130 2171 164 2215 2)
199 2170 351 2206 Praeter
381 2174 603 2217 argumenta
635 2184 657 2207 a
682 2172 922 2207 Thielschero
952 2185 988 2217 p.
1010 2176 1076 2207 107
1110 2171 1228 2207 allata
1259 2171 1305 2206 cf.
1332 2171 1415 2206 adn.

72 2216 152 2251 crit.
177 2217 225 2252 ad
249 2218 299 2253 IV
320 2222 399 2262 539,
427 2223 507 2262 745,
534 2224 621 2263 8003
647 2220 681 2255 V
701 2224 781 2263 299,
808 2224 904 2263 425⁸,
933 2223 1012 2254 656.

130 2265 163 2309 3)
188 2265 243 2299 De
268 2266 461 2311 archetypi
486 2267 606 2302 forma
630 2267 847 2303 Thielscher
870 2280 908 2312 p.
930 2270 1010 2311 129,
1037 2267 1178 2301 Garrod
1198 2265 1327 2310 p.XIX
1337 2276 1415 2309 sqq.

128 2314 164 2354 4)
190 2312 300 2393 StSatii
326 2313 464 2357 Silvae,
497 2315 553 2349 ed.
581 2314 706 2358 Klotz,
733 2315 850 2360 praef.
870 2314 920 2357 V;
960 2314 1110 2359 Stangl,
1142 2313 1284 2357 BphW.
1315 2315 1416 2357 1913,

70 2368 127 2393 no.
148 2362 192 2393 38
242 2371 278 2404 p.
301 2364 402 2395 1214.

1157 2419 1203 2452 a*
