1627 2517
88 121 119 146 v.
142 113 329 144 341—394
486 110 674 144 MANILII
700 109 1047 145 ASTRONOMICA
1383 110 1437 152 87

89 217 414 273 dimidiumque
433 219 608 260 trahens
625 218 840 260 contextis
858 219 1028 260 lucibus
1048 234 1224 268 annum,

91 292 331 332 numquam
359 278 443 319 erit
471 277 673 319 occiduus
703 278 817 332 quod
846 284 968 319 tanto
999 284 1191 332 tempore
1220 278 1434 328 Phoebus,

91 337 196 378 dum
217 337 283 379 bis
304 343 426 379 terna
447 337 537 378 suis
558 337 794 391 perlustrat
815 337 1011 379 cursibus
1031 344 1160 387 astra,

91 396 164 437 sed
190 396 543 438 circumvolitans
568 402 682 438 recto
708 396 872 438 visetur
898 397 950 438 ab
978 397 1091 438 orbe.

91 461 135 496 at
161 455 294 497 simul
319 471 339 497 e
364 455 507 497 medio
533 471 735 510 praeceps
761 456 1028 497 descenderit
1054 456 1153 498 orbe

92 514 304 556 inferiora
333 521 481 569 petens
509 515 674 556 deiecto
704 515 845 556 sidera
875 531 1001 557 cursu

90 580 133 615 et
152 574 277 616 dabit
295 573 343 615 in
362 589 547 629 pronum
568 575 689 616 laxas
709 575 883 616 effusus
903 575 1104 625 habenas,

92 648 167 687 per
190 633 374 675 totidem
396 649 562 675 menses
585 633 739 688 iunget
763 649 848 675 nox
874 649 958 676 una
981 634 1178 676 tenebras

92 692 251 734 vertice
277 693 354 734 sub
380 692 502 734 caeli.
537 708 638 735 nam
666 693 866 748 quisquis
891 700 1057 748 spectat
1081 694 1135 735 ab
1162 694 1294 744 omni,

91 751 331 794 dimidium
359 767 380 793 e
407 758 497 794 toto
526 753 738 794 mundum
767 753 885 794 videt
914 754 1013 795 orbe
1040 753 1232 803 rotundi,

92 826 192 865 pars
211 811 319 853 latet
338 811 524 853 inferior
540 827 547 862 ;
576 827 713 866 neque
735 812 850 853 enim
871 812 1155 855 circumvenit
1174 813 1301 855 illum

90 876 206 912 recta
235 870 348 912 acies·
377 871 604 926 mediaque
635 879 759 913 tenus
789 872 1083 926 distinguitur
1113 871 1231 922 alvo3

92 929 264 983 effugit
290 944 391 983 ergo
417 931 560 971 oculos
587 945 754 972 summo
781 931 1017 985 spectantis
1044 931 1096 972 ab
1122 931 1235 980 orbe,

93 988 199 1029 dum
225 1003 298 1029 sex
326 989 559 1030 submersis
587 996 779 1031 vectatur
809 990 1007 1032 Phoebus
1033 990 1080 1031 in
1109 990 1237 1032 astris

93 1047 357 1102 adducitque
387 1048 519 1090 simul
549 1048 664 1090 luces
694 1049 978 1104 tenebrasque
1007 1049 1232 1104 relinquit,

93 1106 309 1148 sideribus
338 1107 471 1148 donec
500 1107 683 1149 totidem
714 1114 818 1162 quot
848 1109 1069 1150 mensibus
1099 1109 1207 1150 actis

92 1172 276 1208 cesserat
302 1167 428 1216 unde,
455 1167 569 1208 redit
595 1167 877 1222 geminasque
904 1168 1096 1209 ascendit
1123 1169 1177 1209 ad
1201 1175 1353 1210 arctos.

95 1225 164 1265 hic
187 1225 305 1267 locus
327 1225 374 1266 in
398 1225 522 1267 binas
546 1242 709 1268 annum
733 1234 961 1282 noctesque
985 1227 1161 1282 diesque

94 1299 170 1338 per
196 1284 281 1326 duo
307 1285 496 1339 partitae
523 1285 697 1327 dirimit
724 1286 913 1328 divortia
941 1293 1092 1328 terrae.

155 1350 197 1385 et
219 1344 427 1398 quoniam
449 1351 611 1400 quanto
634 1345 861 1387 variantur
884 1352 1079 1401 tempora
1103 1352 1224 1388 motu

94 1409 136 1444 et
159 1403 318 1458 quibus
342 1419 362 1444 e
385 1404 540 1454 causis,
565 1404 732 1446 dictum
757 1411 832 1455 est,
856 1420 968 1447 nunc
992 1406 1150 1461 accipe,
1175 1406 1300 1460 signa

95 1468 200 1516 quot
222 1469 404 1517 surgant
427 1463 473 1504 in
498 1479 666 1519 quoque
690 1465 780 1506 loco
801 1465 1039 1520 cedantque
1062 1481 1137 1520 per
1162 1465 1300 1516 horas,

96 1521 295 1576 partibus
326 1529 374 1564 ut
400 1522 557 1578 prendi
587 1524 756 1578 possint
787 1524 974 1566 orientia
1004 1524 1146 1575 certis,

95 1595 148 1621 ne
172 1581 312 1623 falsus
336 1581 471 1623 dubia
496 1582 665 1624 ratione
692 1583 945 1638 horoscopos
971 1590 1096 1625 erret.

96 1646 227 1694 atque
253 1640 331 1682 hoc
357 1641 405 1682 in
432 1647 573 1683 totum
600 1648 717 1684 certa
744 1643 822 1684 sub
849 1643 944 1696 lege
972 1644 1237 1698 sequendum
1265 1650 1349 1685 est:

97 1698 273 1753 singula
296 1701 411 1754 quod
433 1708 654 1756 nequeunt
676 1717 752 1756 per
775 1708 840 1744 tot
864 1702 1077 1744 distantia
1100 1708 1243 1745 motus

98 1758 367 1813 temporibus
393 1760 671 1816 numerisque
697 1761 785 1803 suis
812 1768 962 1803 exacta
989 1762 1157 1812 referri,

99 1832 124 1858 a
150 1832 218 1859 me
244 1825 387 1860 sumat
414 1819 521 1870 iter;
556 1820 749 1874 positum
777 1820 862 1862 sibi
889 1821 1071 1876 quisque
1099 1828 1303 1877 sequatur

99 1891 259 1931 perque
288 1893 385 1919 suos
414 1879 564 1920 tendat
594 1894 786 1932 gressus;
824 1880 935 1921 mihi
966 1881 1119 1923 debeat
1147 1887 1298 1923 artem.

157 1987 216 2015 369
242 1981 382 2017 Visetur
397 1983 515 2018 Bentl.
536 1985 702 2018 versetur
715 1984 796 2017 L¹M
814 1986 983 2019 versatur
995 1985 1070 2019 L²²G
1119 1986 1222 2033 orbe]
1244 1997 1311 2020 axe
1327 1987 1446 2020 Bentl.

146 2035 205 2063 370
230 2040 297 2064 om.
319 2033 354 2063 M
483 2037 540 2064 373
566 2031 739 2065 tenebras
760 2035 786 2064 F
812 2032 975 2067 tenebris
997 2036 1020 2066 0
1152 2041 1210 2067 374
1237 2034 1353 2079 omni]
1382 2044 1448 2067 axe

100 2076 212 2111 Bentz
344 2084 401 2111 375
429 2088 448 2112 6
474 2079 550 2112 toto
571 2079 692 2113 Bentl.
726 2089 769 2112 ex
795 2080 872 2113 toto
893 2083 957 2112 V‘m
990 2082 1027 2114 et
1053 2082 1133 2115 toto
1154 2084 1178 2114 0
1252 2081 1448 2125 mundum]

100 2124 245 2157 tantum
267 2125 388 2159 Bentl.
462 2132 518 2158 377
546 2126 783 2169 mediamque
802 2127 846 2160 11¹
896 2127 1127 2172 descingitur
1146 2131 1181 2160 M
1254 2135 1312 2161 378
1340 2138 1401 2161 ore
1422 2131 1450 2161 G

147 2176 204 2204 381
229 2171 338 2206 iactis
358 2175 392 2204 M
500 2180 558 2206 382
584 2173 681 2207 redit
701 2176 736 2206 Μ
760 2174 858 2218 regit
876 2178 933 2208 LG
1041 2181 1099 2208 384
1120 2179 1204 2219 post
1229 2176 1260 2209 h.
1281 2187 1330 2210 v.:
1360 2185 1449 2218 quo²

98 2218 210 2252 modo
235 2218 275 2252 in
301 2219 401 2253 omni
420 2219 664 2255 inclinatione
684 2221 813 2254 mundi
833 2221 952 2266 hopus
973 2224 1078 2267 (opus
1099 2225 1138 2266 G)
1160 2222 1373 2256 inveniatur
1385 2225 1450 2256 ΜΕ

147 2272 206 2299 385
232 2268 372 2309 quanto
391 2266 436 2299 11²
471 2267 600 2310 quinto
620 2269 731 2301 L¹MG
826 2269 1033 2315 variantur]
1066 2269 1255 2304 varientur
1276 2270 1340 2304 Br.
1376 2271 1450 2313 (sed

98 2313 145 2355 cf.
165 2313 230 2347 IV
245 2316 327 2355 117,
352 2315 435 2352 211)
527 2321 585 2348 383
611 2317 648 2349 et
674 2315 807 2359 quibus
828 2319 856 2349 G
882 2327 901 2350 e
927 2316 1062 2359 quibus
1082 2320 1146 2350 LM
1230 2323 1285 2350 387
1314 2318 1405 2360 quot
1424 2321 1451 2350 L

100 2360 200 2402 quod
220 2364 284 2394 MG
381 2367 439 2394 389
465 2361 589 2396 hel-ret
609 2366 636 2395 G
732 2369 791 2396 393
818 2366 1022 2407 sequantur
1040 2364 1085 2397 Ll

1461 475 1513 499 370

1463 772 1514 797 375

1465 1069 1517 1093 380

1466 1364 1517 1390 385

1468 1662 1519 1686 390
