1627 2517
77 86 108 109 v,
132 77 315 109 155—201
472 74 661 108 MANILH
686 74 1029 110 ASTRONOMICA
1343 76 1427 117 145

76 183 411 238 reddentemque
441 189 540 224 tuae
570 198 645 238 per
674 189 857 224 mortem
887 199 1065 225 munera
1097 184 1244 234 matri,

77 242 201 284 cuius
224 249 266 284 et
289 249 389 284 ante
413 257 558 284 necem
580 242 797 297 paulatim
824 243 914 284 vita
939 244 1108 298 sepulta
1133 244 1216 296 est)

78 307 207 356 atque
241 301 471 343 Atlanteos
503 308 705 343 conatum
735 302 850 343 ferre
877 301 1056 353 labores,

80 366 122 402 et
154 360 404 415 Calydonea
437 360 670 402 bellantem
704 376 810 416 rupe
841 361 1032 416 puellam
1447 380 1499 407 180

77 420 406 475 vincentemque
431 419 545 461 viros
572 426 614 462 et
640 436 770 476 quam
795 421 987 475 potuisse
1015 421 1159 462 videre

78 479 250 533 virgine
275 480 416 521 maius
442 486 546 529 erat,
574 486 835 521 sternentem
861 480 1035 521 vulnere
1062 480 1218 535 primo,

78 539 240 594 quique
261 545 352 580 erat
373 538 570 581 Actaeon
592 539 715 580 silvis
735 539 977 581 imitandus
1001 546 1043 581 et
1064 546 1164 581 ante

79 613 208 653 quam
230 598 410 640 canibus
434 614 543 640 nova
567 599 727 653 praeda
748 598 852 640 fuit.
888 599 1106 641 ducuntur
1129 606 1170 641 et
1193 599 1280 655 ipsi

77 657 242 700 retibus
273 664 315 699 et
345 658 555 700 claudunt
585 673 759 713 campos
788 658 1027 700 formidine
1061 659 1214 701 mortis
1447 677 1496 704 1⁸5

75 717 379 772 mendacisque
404 724 561 772 parant
586 718 734 759 foveas
761 718 1021 773 laqueosque
1047 724 1214 760 tenaces

73 776 370 831 currentisque
402 778 519 819 feras
552 777 803 832 pedicarum
837 778 1039 832 compede
1071 784 1263 828 nectunt,

77 842 153 878 aut
180 835 359 878 canibus
386 837 555 878 ferrove
585 843 739 878 necant
766 838 1032 892 praedasque
1063 843 1299 892 reportant.

77 901 191 946 sunt,
216 896 375 950 quibus
397 895 445 937 in
468 902 600 951 ponto
625 896 819 938 studium
843 903 905 938 est
930 897 1090 951 cepisse
1111 898 1304 939 ferarum

75 954 268 996 diversas
294 954 431 997 facies
460 961 503 997 et
532 970 654 997 caeco
684 955 814 996 missa
846 956 1067 1010 profundo
1445 974 1496 999 19⁰

75 1020 262 1056 sternere
291 1014 459 1055 litoreis
489 1022 779 1056 monstrorum
810 1030 984 1070 corpora
1014 1015 1185 1056 harenis

76 1072 422 1128 horrendumque
445 1074 575 1115 fretis
599 1073 646 1114 in
672 1074 784 1115 bella
807 1074 1010 1116 lacessere
1036 1081 1219 1129 pontum

76 1138 118 1174 et
147 1133 285 1174 colare
316 1148 447 1187 vagos
478 1133 670 1175 inductis
699 1134 863 1175 retibus
895 1134 1036 1175 amnis

76 1207 124 1233 ac
145 1207 221 1246 per
242 1192 363 1234 nulla
386 1192 508 1247 sequi
530 1192 736 1234 dubitant
759 1193 946 1247 vestigia
967 1194 1160 1248 praedas.

76 1251 277 1293 luxuriae
299 1252 402 1306 quia
426 1259 539 1294 terra
561 1268 730 1307 parum,
751 1253 929 1294 fastidit
953 1260 995 1295 et
1017 1253 1162 1295 orbem
1445 1270 1495 1297 195

75 1317 223 1352 venter
245 1317 286 1353 et
309 1312 401 1366 ipse
425 1312 575 1365 gulam
597 1312 764 1353 Nereus
789 1328 839 1354 ex
862 1328 1045 1367 aequore
1067 1312 1219 1367 pascit.

75 1376 120 1411 at
151 1370 350 1425 Procyon
382 1371 536 1421 oriens,
568 1387 665 1413 cum
697 1371 785 1413 iam
817 1372 1019 1413 vicesima
1052 1373 1216 1414 Cancro

75 1429 346 1485 septimaque
364 1445 416 1472 ex
438 1430 567 1472 undis
587 1446 686 1486 pars
705 1446 792 1473 sese
815 1431 1000 1486 emergit
1017 1431 1064 1472 in
1084 1437 1214 1482 astra,

75 1495 254 1531 venatus
275 1505 360 1531 non
383 1489 458 1531 ille
481 1490 671 1545 quidem,
694 1506 841 1532 verum
866 1506 985 1532 arma
1006 1491 1162 1532 creatis

74 1549 261 1590 venandi
290 1549 470 1591 tribuit:
506 1550 670 1591 catulos
700 1549 868 1592 nutrire
898 1550 1065 1604 sagacis
1443 1567 1495 1592 200

75 1613 118 1649 et
143 1622 279 1662 genus
306 1624 330 1650 a
357 1609 544 1663 proavis,
571 1624 709 1651 mores
737 1625 964 1651 numerare
990 1625 1065 1664 per
1092 1609 1215 1651 urbes

126 1696 281 1723 197—205
316 1689 426 1724 Firm.
442 1690 526 1724 VIII
547 1694 614 1734 9‚3
654 1691 870 1735 (Procyon):
914 1691 1039 1724 ‘erunt
1078 1690 1231 1735 quidem
1270 1690 1343 1734 ipsi
1371 1690 1418 1725 ab

69 1737 171 1771 omni
201 1737 408 1772 venationis
442 1737 566 1772 studio
592 1738 768 1782 separati,
805 1749 929 1772 verum
957 1749 1059 1772 arma
1085 1737 1325 1772 venatoribus
1352 1739 1418 1772 auc

69 1783 208 1819 facient,
234 1786 300 1818 aut
324 1785 510 1829 parabunt
536 1812 543 1820 .
561 1813 566 1819 .
584 1814 589 1820 .
607 1814 614 1819 .
641 1786 808 1819 nutrient
832 1785 947 1820 etiam
974 1786 1098 1820 canes’
1128 1787 1197 1820 cet.

128 1862 183 1889 177
215 1855 327 1890 marti
345 1856 391 1889 12¹
511 1863 567 1889 179
593 1856 787 1891 Atlanteos
809 1857 929 1892 Bentz.
967 1857 1185 1891 Atalanteos
1206 1860 1242 1889 M
1276 1837 1419 1891 Adlanss

67 1903 147 1937 teos
167 1906 192 1936 L
231 1902 449 1937 Athlanteos
471 1907 498 1937 G
612 1906 782 1938 conatum
800 1903 875 1938 L²G
910 1907 1063 1938 conatur
1083 1908 1118 1937 M
1153 1906 1310 1939 conatus
1329 1904 1374 1938 1.¹

68 1956 126 1983 180
151 1950 314 1994 puellam
334 1954 394 1984 ML
431 1950 615 1995 capellam
634 1955 662 1985 G
768 1958 822 1984 181
848 1951 974 1986 videre
993 1956 1028 1986 M
1062 1952 1181 1986 videri
1200 1956 1257 1985 LG
1364 1958 1421 1985 182

69 1997 190 2032 maius
203 2001 266 2032 ML
290 1999 401 2032 natus
416 2002 443 2032 G
509 2005 565 2032 183
592 1998 730 2042 quique
745 2000 865 2044 Postq.
894 2010 1080 2043 quamque
1096 2003 1119 2033 0
1141 2010 1289 2044 quaque
1306 1999 1419 2034 Gron.

118 2045 297 2091 Actaeon]
324 2047 456 2080 acheon
481 2047 619 2080 tactem
641 2046 684 2079 1.¹
709 2047 881 2081 taetaeon
902 2050 937 2079 M
1026 2053 1082 2080 185
1109 2047 1274 2092 campos]
1296 2047 1420 2080 vastos

71 2092 192 2126 Bentz.
241 2092 370 2127 mortis
389 2093 464 2127 L²G
488 2095 632 2128 montes
647 2094 726 2126 ΜΙΛ1
747 2094 865 2129 Βεητῐ.
964 2102 1020 2128 190
1046 2094 1174 2140 missa]
1195 2104 1315 2128 mersa
1331 2094 1417 2139 Rey.

70 2139 183 2173 misso
201 2140 247 2172 L¹
342 2147 396 2174 191
420 2140 569 2175 harenis
584 2142 690 2176 Rem.
717 2141 863 2175 habetis
883 2145 918 2174 M
942 2141 1099 2176 habenis
1117 2145 1174 2175 LG
1270 2147 1328 2174 194
1354 2141 1418 2174 du-

70 2185 195 2220 bitant
213 2186 298 2222 Scal
335 2187 484 2222 dubitat
504 2193 527 2222 0
625 2195 681 2222 195
707 2188 875 2223 luxuriae
898 2190 984 2235 Rey.
1011 2189 1160 2223 luxuria
1182 2193 1205 2222 0
1257 2187 1346 2234 quia
1365 2192 1422 2222 LG

70 2244 147 2277 qua
166 2237 201 2267 M
260 2234 405 2268 fastidit.
431 2237 468 2269 et,
487 2237 594 2271 Bech.
630 2235 802 2270 fastidiet,
822 2240 845 2270 0
943 2244 1000 2270 196
1026 2238 1158 2280 pascet
1178 2237 1266 2281 Rey.
1363 2242 1418 2269 197

71 2280 211 2315 Cancro
237 2285 292 2316 est
309 2286 365 2316 LG
444 2290 500 2317 198
527 2294 606 2318 sese
632 2295 698 2318 om.
720 2283 817 2316 M¹L¹
890 2291 949 2317 200
975 2284 1114 2318 tribuet
1134 2285 1201 2319 Br.
1275 2289 1332 2316 201
1356 2294 1420 2316 ur-

70 2329 136 2364 bes
157 2334 181 2364 0
208 2332 306 2365 artes
327 2336 348 2365 c

141 2396 265 2422 Manilii
278 2396 489 2422 Astronomica
508 2397 552 2422 ed.
573 2404 645 2422 van
659 2397 920 2429 Wageningen
1162 2393 1205 2424 10
