1627 2517
184 61 301 95 XVIII
730 60 1001 96 PRAEFATIO

186 173 358 211 siderum
386 184 567 211 occasum
593 175 804 222 pertinent.
836 173 883 210 In
908 173 980 211 illa
1005 176 1118 222 parte
1140 175 1306 223 apparet
1325 174 1538 212 Firmicum

187 234 343 282 saepius
379 232 500 270 verba
533 235 674 281 poetae
708 245 916 282 perperam
949 233 1205 280 intellexisse,
1239 234 1284 270 ut
1313 234 1395 270 iam
1422 232 1540 271 Skut-

186 292 317 330 schius
344 292 477 329 docuit
493 287 538 344 ¹),
565 305 664 340 quae
692 292 870 341 exempla
895 292 1012 330 facile
1039 294 1204 341 possunt
1233 287 1418 344 augeri.²)
1461 291 1538 330 Sed

186 351 384 389 interdum
411 351 532 388 verba
558 353 641 389 eius
668 353 775 389 viam
800 353 1025 389 monstrant
1045 351 1280 389 emendandi
1300 363 1436 389 versus
1455 351 1538 389 Ma-

185 410 369 457 nilianos,
403 410 515 448 velut
539 410 644 448 Man.
664 411 700 448 V
723 411 820 458 355,
855 410 922 448 ubi
954 411 995 447 in
1028 413 1063 449 0
1095 410 1289 449 traditum
1321 413 1381 448 est
1412 413 1537 448 muta-

184 472 287 517 runt,
309 469 413 518 quod
434 481 522 507 cum
542 469 748 520 Postgatio
769 469 1003 507 mutandum
1023 472 1082 507 est
1100 470 1142 507 in
1167 471 1375 517 mularum,
1402 482 1537 519 quem-

186 528 398 566 admodum
438 528 558 567 Firm.
585 529 685 567 VIII
713 531 784 578 13,
808 531 830 568 3
868 523 1181 581 (mulomedicus)
1222 529 1374 578 probat.
1431 529 1537 566 Num

184 587 289 625 Man.
310 587 345 623 V
369 588 451 626 135
478 600 549 637 pro
575 589 679 636 fidae
703 588 913 639 legendum
940 589 992 626 sit
1018 588 1198 637 trepidae,
1230 590 1276 626 ut
1302 588 1536 626 Skutschius

186 649 395 697 proposuit
419 647 544 685 fretus
570 648 689 685 Firm.
705 647 803 685 Vm
825 648 861 696 6,
879 649 921 685 7:
955 644 1088 685 ‘erunt
1112 648 1235 685 nimia
1260 649 1397 686 mentis
1422 649 1536 695 trepi-

186 707 339 745 datione
365 703 556 755 solliciti’,
583 707 745 745 dubium
770 707 869 744 mihi
894 707 1062 745 videtur.

249 765 473 804 Postulavit
497 766 649 804 Bollius
665 761 698 818 3)
731 779 754 804 a
785 767 919 804 futuro
951 766 1109 804 Manilii
1140 766 1308 814 editore,
1340 768 1385 803 ut
1416 767 1537 804 etiam

184 825 421 875 exploraret,
454 825 564 874 quali
588 826 895 864 Astronomicon
922 826 1052 864 codice
1080 825 1273 863 Firmicus
1300 837 1395 863 usus
1422 827 1537 872 esset,

187 897 237 922 an
263 885 367 922 inter
399 884 550 923 codices
584 885 711 923 adhuc
737 887 934 923 exstantes
959 884 1114 923 familia
1142 884 1334 933 quaedam
1360 886 1477 922 iuven
1487 884 1539 921 iri

186 945 330 994 posset,
357 943 407 980 ad
434 956 553 992 quam
579 944 699 982 codex
726 956 749 981 a
768 944 938 982 Firmico
965 943 1164 982 adhibitus
1190 943 1354 993 propius
1381 942 1537 981 accede-

185 1006 256 1042 ret.
291 1002 367 1041 Sed
387 1003 583 1041 eiusmodi
601 1003 858 1053 investigatio
878 1016 1118 1054 magnopere
1137 1002 1353 1052 impeditur
1372 1015 1417 1040 eo
1432 1002 1538 1052 quod

186 1062 380 1100 Firmicus
406 1074 601 1111 nusquam
626 1075 762 1101 versus
788 1062 1025 1101 Manilianos
1052 1062 1102 1100 ad
1128 1062 1291 1100 verbum
1312 1062 1450 1099 attulit
1469 1061 1537 1100 sed

183 1122 329 1171 ubique
363 1121 661 1160 circuitionibus
696 1123 735 1159 et
767 1121 1010 1160 anfractibus
1045 1123 1203 1171 gavisus
1236 1122 1295 1160 est
1327 1121 1377 1158 ad
1411 1133 1538 1159 exem-

186 1182 297 1231 plum
333 1193 447 1218 suum
483 1181 790 1230 exprimendum,
823 1181 883 1219 ita
915 1183 961 1218 ut
991 1180 1106 1218 hodie
1132 1180 1252 1218 verba
1278 1192 1364 1218 cum
1393 1179 1537 1227 verbis,

185 1253 264 1278 non
291 1240 478 1277 lectiones
499 1252 587 1277 cum
608 1240 846 1278 lectionibus
867 1240 1037 1278 conferri
1054 1241 1218 1288 possint.
1250 1238 1414 1276 Accedit
1433 1238 1538 1288 quod

185 1301 316 1337 textus
342 1298 515 1345 Manilii,
546 1300 592 1336 ut
622 1310 740 1348 supra
773 1299 1087 1336 demonstratum
1113 1300 1173 1336 est
1198 1293 1356 1349 (p.111)
1388 1297 1536 1337 talibus

187 1358 387 1396 codicibus
420 1357 532 1395 nobis
564 1357 737 1395 traditus
771 1359 846 1406 est,
883 1359 929 1395 ut
962 1369 1095 1395 omnes
1128 1356 1177 1394 ab
1208 1369 1287 1394 uno
1320 1357 1536 1406 archetypo

187 1417 380 1467 orig-inem
406 1416 546 1455 ducere
572 1416 783 1454 videantur
807 1429 933 1465 neque
958 1417 1092 1465 plures
1119 1416 1261 1454 classes
1281 1416 1536 1466 familiaeque

187 1476 380 1527 distingui
405 1477 568 1525 possint.
614 1476 673 1513 Ex
700 1476 914 1525 archetypo
941 1475 1092 1514 codices
1118 1478 1163 1513 M
1189 1476 1229 1513 et
1252 1478 1305 1523 L,
1338 1488 1383 1513 ex
1409 1478 1445 1514 L
1471 1475 1535 1512 de-

186 1537 357 1585 scriptus
384 1538 443 1573 est
469 1538 526 1583 G,
556 1547 852 1584 nonnumquam
884 1547 973 1572 cum
1005 1535 1218 1584 archetypo
1251 1535 1435 1583 collatus,
1468 1534 1536 1572 ubi

186 1596 376 1633 lemmata
403 1593 582 1632 addenda
608 1596 720 1632 erant
740 1589 795 1646 (p.
811 1593 880 1642 VI,
895 1589 953 1645 4),
979 1593 1047 1631 sed
1067 1605 1200 1631 omnes
1219 1593 1364 1642 reliqui
1383 1593 1535 1632 codices

187 1654 237 1692 ab
268 1657 315 1692 M
346 1656 417 1691 aut
449 1653 497 1691 ab
529 1656 565 1691 L
597 1654 676 1692 orti
707 1655 809 1691 sunt.
858 1653 1000 1702 Itaque
1034 1654 1144 1703 origo
1175 1652 1367 1690 librorum
1398 1666 1537 1691 manu-

187 1714 422 1763 scriptorum
454 1713 572 1762 plane
605 1712 770 1762 simplex
802 1714 872 1750 est.
922 1712 978 1749 Re
1012 1724 1103 1750 vera
1129 1712 1311 1750 nonnulli
1336 1712 1537 1750 existima-

188 1775 283 1810 runt
307 1772 348 1809 in
369 1774 409 1810 G
434 1771 602 1822 vestigia
628 1771 792 1809 alterius
819 1770 1024 1820 archetypi
1049 1771 1167 1809 obvia
1193 1783 1286 1819 esse,
1313 1783 1430 1820 quam
1451 1771 1535 1820 opi-

188 1832 346 1869 nionem
373 1842 492 1879 supra
517 1826 686 1883 (p.V11)
712 1830 896 1879 refutavi,
923 1829 991 1868 sed
1017 1831 1137 1868 etiam
1163 1830 1232 1867 illa
1258 1831 1431 1879 suspicio
1455 1843 1533 1868 non

187 1892 320 1940 potest
344 1889 578 1928 lectionibus
605 1903 624 1927 e
650 1889 820 1928 Firmico
845 1889 1014 1938 prolatis
1040 1888 1296 1927 corroborari.

249 2029 282 2072 1)
321 2026 494 2069 Skutsch,
519 2025 650 2060 Rhein.
678 2025 771 2059 Mus.
799 2029 842 2060 65
869 2026 1001 2070 (1910),
1027 2037 1062 2069 p.
1085 2028 1173 2067 627;
1207 2025 1316 2060 Firm.
1339 2024 1421 2059 VIII
1443 2029 1496 2069 12,
1514 2031 1530 2060 1

188 2077 224 2110 et
247 2075 344 2109 Man.
364 2073 398 2109 V
418 2077 496 2108 295.
934 2080 939 2084 ’

249 2123 284 2166 2)
308 2121 418 2156 Firm.
439 2120 524 2155 VIII
546 2123 600 2163 10,
616 2124 634 2154 7
662 2122 699 2154 et
724 2119 820 2154 Man.
842 2119 875 2154 V
895 2123 974 2154 246.

250 2171 285 2214 3)
312 2168 478 2214 sphaera
503 2180 539 2213 p.
561 2171 640 2209 398,
673 2177 757 2202 ann.
780 2172 815 2202 1:
856 2167 942 2210 „die
973 2166 1197 2212 eigentliche
1229 2166 1401 2212 Aufgabe
1433 2170 1532 2202 ware

188 2217 282 2252 eben
309 2216 381 2259 die,
408 2227 453 2250 zu
477 2214 737 2257 untersuchen,
764 2214 811 2249 ob
837 2214 875 2249 in
901 2224 1053 2249 unserer
1078 2213 1533 2260 Maniliusiiberliefcrung

188 2263 268 2298 sich
294 2263 388 2298 noch
415 2263 497 2298 eine
518 2262 667 2307 Gruppe
692 2261 931 2305 heraushebt,
957 2261 1019 2296 die
1039 2261 1122 2296 dem
1143 2261 1400 2296 Maniliustext
1419 2261 1532 2296 nahe-

191 2310 346 2355 kommt,
372 2311 447 2345 und
476 2310 578 2345 diese
604 2310 702 2344 daun
729 2309 797 2344 auf
818 2309 924 2343 ihren
949 2308 1055 2343 Wert
1079 2319 1202 2353 genau
1229 2320 1273 2342 zu
1298 2309 1464 2353 priifen“.
