1627 2517
189 70 245 111 30
585 71 694 106 MAN
694 71 772 106 ILII
798 70 1144 108 ASTRONOMICA
1419 73 1498 108 Lib.
1519 73 1535 107 1

116 196 168 221 800
191 179 304 234 quod
329 179 445 234 regit
470 181 702 234 Augustus
728 180 841 222 socio
867 196 942 235 per
967 181 1091 235 signa
1121 181 1329 231 Tonante,

188 238 325 280 cernit
349 246 391 280 et
415 238 463 280 in
488 246 610 280 coetu
636 239 787 281 divum
812 255 1105 295 magnumque
1129 239 1364 293 Quirinum

186 296 318 339 altius
348 298 529 339 aetherii
559 313 690 353 quam
720 298 874 340 candet
902 298 1085 340 circulus
1116 299 1242 340 orbis.

189 356 267 397 illa
291 357 422 398 deum
448 357 580 407 sedes,
609 357 711 399 haec
737 356 829 400 illis
854 357 1068 412 proxima,
1096 358 1244 399 divum

189 416 265 470 qui
291 415 453 458 virtute
479 432 556 458 sua
582 416 747 458 similes
772 417 957 471 vestigia
982 425 1184 471 tangunt.

115 491 167 517 805
249 490 296 516 ac
316 475 439 530 prius
460 475 672 531 incipiam
695 476 832 518 stellis
855 491 985 531 quam
1005 477 1182 518 reddere
1205 476 1315 518 vires

189 534 499 590 signorumque
527 550 678 577 canam
704 535 863 577 fatalia
891 535 1079 577 carmine
1107 535 1218 585 iura,

187 593 411 648 implenda
439 602 502 636 est
531 594 685 636 mundi
712 594 861 644 facies,
892 610 1130 650 corpusque
1155 610 1232 650 per
1260 610 1384 636 omne

182 651 305 706 quid,
319 652 432 707 quod
447 652 606 708 ubique
616 653 744 704 nitet,
758 654 903 707 vigeat
917 654 1185 709 quandoque,
1199 653 1439 696 notandum
1451 661 1527 695 est.

189 719 290 753 sunt
319 711 407 753 alia
438 713 615 754 adverso
645 712 891 767 pugnantia
922 712 1063 754 sidera
1092 713 1268 762 mundo,

114 787 166 812 810
187 785 296 825 quae
323 777 482 812 terram
509 771 760 826 caelumque
787 772 900 813 inter
928 771 1159 813 volitantia
1185 772 1386 826 pendent.

192 829 402 881 [Saturni‚
431 830 548 872 Iovis
575 837 615 872 et
643 830 806 872 Martis
833 830 1046 885 Solisque,
1073 831 1151 873 sub
1178 831 1268 872 illis

188 889 435 931 Mercurius
453 890 661 931 Venerem
679 889 793 931 inter
812 890 906 944 agit
926 890 1181 944 Lunamque
1198 891 1392 943 locatus]

188 955 288 990 sunt
315 948 448 990 etiam
475 949 585 990 raris
612 949 696 990 orti
724 949 945 991 natalibus
971 949 1108 1003 ignes,

188 1007 388 1062 protinus
416 1016 456 1049 et
485 1007 614 1062 rapti.
654 1009 820 1050 subitas
847 1009 1096 1050 candescere
1122 1008 1327 1050 flammas

114 1084 166 1109 815
188 1081 287 1108 aera
307 1081 382 1121 per
403 1067 624 1122 liquidum
646 1075 889 1123 tractosque
910 1067 1051 1123 perire
1070 1075 1257 1109 cometas

188 1141 285 1167 rara
309 1141 384 1181 per
409 1126 603 1180 ingentis
628 1126 831 1168 viderunt
855 1127 1024 1168 saecula
1049 1135 1203 1168 motus.

188 1185 291 1235 sive,
321 1186 434 1240 quod
462 1186 711 1240 ingenitum
739 1193 853 1228 terra
881 1186 1074 1241 spirante
1101 1201 1301 1241 vaporem

188 1244 379 1286 umidior
407 1245 515 1286 sicca
545 1252 774 1300 superatur
802 1244 982 1299 spiritus
1011 1260 1128 1294 aura,

182 1302 330 1344 nubila
365 1317 462 1344 oum
493 1303 624 1357 longo
655 1311 822 1345 cessant
852 1303 1045 1358 dispulsa
1078 1318 1237 1352 sereno,

112 1379 164 1405 820
187 1369 228 1403 et
253 1362 356 1403 solis
381 1362 518 1403 radiis
543 1362 697 1404 arescit
723 1362 912 1404 torridus
937 1378 1021 1411 aer,

187 1428 288 1475 apta
317 1420 527 1462 alimenta
557 1421 640 1462 sibi
671 1421 882 1463 demissus
911 1422 1090 1476 corripit
1120 1421 1236 1475 ignis

186 1480 499 1535 materiamque
523 1479 590 1522 sui
613 1480 844 1535 deprendit
867 1481 1050 1522 flamma
1074 1496 1285 1535 capacem.
1312 1504 1363 1508 —

184 1546 223 1580 et
255 1539 358 1593 quia
389 1554 474 1581 non
505 1538 693 1581 solidum
724 1545 787 1580 est
818 1554 982 1594 corpus,
1013 1539 1084 1580 sed
1117 1554 1211 1581 rara
1243 1547 1457 1594 vagantur

190 1597 408 1652 plincipia
435 1613 637 1640 aurarum
664 1598 912 1652 volucrique
939 1598 1164 1639 simillima
1191 1599 1328 1642 fumo

243 1709 301 1735 802
328 1702 433 1737 Drac.
451 1702 481 1736 V
502 1706 585 1737 326:
616 1702 789 1737 aetherii
815 1714 888 1746 qua
914 1702 1050 1736 candet
1077 1702 1235 1737 circulus
1262 1702 1374 1736 orbis’

243 1803 302 1830 800
328 1799 432 1841 reget
459 1798 608 1840 Woltjer
702 1803 757 1830 801
786 1799 910 1831 cernet
932 1797 1080 1841 IVoltjer
1129 1797 1306 1842 Magnum
1332 1799 1445 1841 atque
1464 1797 1532 1832 Br.

232 1843 426 1886 Quirinum
452 1848 511 1877 ML
540 1844 684 1886 Quirini
711 1849 738 1878 G
905 1851 962 1877 802
989 1844 1125 1878 candet
1150 1844 1194 1878 11²
1225 1844 1351 1878 candit
1375 1844 1486 1877 Istue

184 1898 241 1925 80⁴
272 1896 357 1936 post
379 1892 411 1925 h.
434 1903 463 1926 v.
495 1896 696 1935 sequuntur
722 1894 916 1927 809--812
943 1893 982 1926 in
1008 1895 1032 1924 0
1070 1891 1213 1926 deinde:
1247 1891 1292 1925 de
1325 1890 1478 1926 cometis
1498 1894 1533 1923 M

184 1939 238 1982 (in
265 1950 308 1972 m.
330 1941 369 1982 G)
395 1943 468 1973 tum
497 1941 706 1981 805—308,
732 1941 884 1984 8133qq.
981 1945 1040 1972 805
1066 1949 1110 1973 ac
1136 1942 1163 1972 G
1189 1949 1207 1972 c
1233 1941 1268 1980 (a
1288 1939 1431 1973 initiale
1451 1940 1532 1981 om.)

184 1989 243 2019 ML
271 1996 368 2019 nunc
394 1986 514 2021 Bentz.
661 1992 718 2019 sos
751 1987 853 2031 quid,
879 1985 979 2030 quod
1011 1996 1072 2031 eqo
1104 1987 1162 2030 (cf.
1191 1986 1242 2020 II
1261 1988 1343 2027 814,
1375 1988 1446 2020 844
1472 1985 1531 2030 1.¹‚

190 2033 222 2067 V
246 2035 294 2067 90
318 2033 374 2077 ΙΝ)
401 2032 607 2077 quidquam
633 2037 667 2066 M
692 2033 868 2077 quicquid
896 2037 951 2067 LG
998 2033 1204 2067 notandum
1230 2034 1286 2066 est
1310 2043 1377 2067 om.
1400 2036 1427 2066 G
1452 2032 1532 2076 (ad-

183 2081 279 2115 didit
304 2092 400 2115 maoz.
429 2082 508 2123 rec.)
629 2087 776 2114 Sil—812
802 2081 991 2115 damnavit
1017 2081 1136 2115 Bentl.
1258 2085 1314 2113 818
1339 2079 1431 2114 raris
1459 2079 1531 2114 orti

183 2126 374 2162 natalibus
398 2127 503 2172 ignes
529 2128 640 2162 Bentl
687 2127 762 2161 rari
794 2128 884 2162 sorti
917 2126 1054 2161 natalis
1087 2128 1216 2161 euntes
1242 2131 1298 2160 LG
1333 2127 1407 2161 rari
1440 2126 1531 2161 sorti

184 2174 328 2209 subitas
355 2174 574 2209 candescere
600 2174 756 2209 laminas
782 2178 817 2207 M
841 2177 922 2219 (om.
948 2173 1053 2218 ignes
1078 2174 1248 2218 protinus
1275 2176 1313 2209 et
1337 2173 1450 2218 rapti)

184 2230 238 2255 81⁴
266 2221 435 2266 protinus
457 2226 484 2256 G
509 2223 684 2266 protenus
703 2226 728 2255 1.
894 2221 1062 2255 flammas
1081 2220 1125 2255 L²
1151 2221 1307 2256 lammae
1327 2221 1436 2254 Istue

184 2276 239 2302 819
266 2268 434 2314 dispulsa
453 2273 488 2302 M
514 2269 671 2314 depulsa
690 2272 745 2302 LG
847 2275 906 2302 820
933 2268 1105 2303 cordibus
1126 2273 1153 2302 G
1248 2275 1303 2302 821
1331 2269 1421 2313 apta
1441 2268 1527 2313 Rey.

185 2319 266 2350 acta
288 2320 343 2350 LG
370 2327 455 2350 aera
482 2319 516 2349 M
613 2315 794 2350 demissus
822 2317 909 2362 Rey.
937 2315 1110 2350 dimissus
1139 2319 1162 2349 0
